<?xml version="1.0" encoding="UTF-8"?>
<!DOCTYPE html PUBLIC "-//W3C//DTD XHTML 1.0 Transitional//EN"
    "http://www.w3.org/TR/xhtml1/DTD/xhtml1-transitional.dtd">
<html xmlns="http://www.w3.org/1999/xhtml" xml:lang="en" lang="en">
 <head>
  <title>
</title>
<meta http-equiv="Content-Type" content="text/html;charset=utf-8" />
  <meta name='ocr-system' content='tesseract 3.04.00' />
  <meta name='ocr-capabilities' content='ocr_page ocr_carea ocr_par ocr_line ocrx_word'/>
</head>
<body>
  <div class='ocr_page' id='page_1' title='image "./isaacinewtonieq00newtgoog_0374.png"; bbox 0 0 4500 5812; ppageno 0'>
   <div class='ocr_carea' id='block_1_1' title="bbox 372 345 1648 524">
    <p class='ocr_par' dir='ltr' id='par_1_1' title="bbox 372 345 1648 524">
     <span class='ocr_line' id='line_1_1' title="bbox 372 345 1648 524; baseline -0.002 -23"><span class='ocrx_word' id='word_1_1' title='bbox 372 411 886 524; x_wconf 53' lang='lat' dir='ltr'>onrnt&#39;un&#39;r.</span> <span class='ocrx_word' id='word_1_2' title='bbox 939 411 1055 506; x_wconf 80' lang='lat' dir='ltr'>rn</span> <span class='ocrx_word' id='word_1_3' title='bbox 1106 345 1487 504; x_wconf 72' lang='lat' dir='ltr'>nnurnr..</span> <span class='ocrx_word' id='word_1_4' title='bbox 1557 435 1648 514; x_wconf 61' lang='lat' dir='ltr'>,n</span> 
     </span>
    </p>
   </div>
   <div class='ocr_carea' id='block_1_2' title="bbox 255 557 1812 926">
    <p class='ocr_par' dir='ltr' id='par_1_2' title="bbox 255 557 1812 926">
     <span class='ocr_line' id='line_1_2' title="bbox 255 557 1810 687; baseline 0.003 -32"><span class='ocrx_word' id='word_1_5' title='bbox 255 601 351 656; x_wconf 83' lang='lat' dir='ltr'>men</span> <span class='ocrx_word' id='word_1_6' title='bbox 378 581 443 658; x_wconf 92' lang='lat' dir='ltr'>lub</span> <span class='ocrx_word' id='word_1_7' title='bbox 466 583 640 683; x_wconf 84' lang='lat' dir='ltr'>potestate</span> <span class='ocrx_word' id='word_1_8' title='bbox 668 581 845 687; x_wconf 83' lang='lat' dir='ltr'>Principis</span> <span class='ocrx_word' id='word_1_9' title='bbox 868 608 915 664; x_wconf 83' lang='lat' dir='ltr'>ex</span> <span class='ocrx_word' id='word_1_10' title='bbox 939 583 1073 666; x_wconf 79' lang='lat' dir='ltr'>familid</span> <span class='ocrx_word' id='word_1_11' title='bbox 1104 557 1296 666; x_wconf 62' lang='lat' dir='ltr'>Romanu:</span> <span class='ocrx_word' id='word_1_12' title='bbox 1322 579 1468 670; x_wconf 82' lang='lat' dir='ltr'>Hodie,</span> <span class='ocrx_word' id='word_1_13' title='bbox 1487 589 1623 659; x_wconf 87' lang='lat' dir='ltr'>&#39;autem</span> <span class='ocrx_word' id='word_1_14' title='bbox 1638 637 1650 669; x_wconf 90' lang='lat'>,</span> <span class='ocrx_word' id='word_1_15' title='bbox 1664 569 1747 626; x_wconf 53' lang='grc' dir='ltr'>ΑΜ</span> <span class='ocrx_word' id='word_1_16' title='bbox 1769 565 1810 640; x_wconf 66' lang='lat'>⁶*-</span> 
     </span>
     <span class='ocr_line' id='line_1_3' title="bbox 263 693 1399 813; baseline 0.005 -37"><span class='ocrx_word' id='word_1_17' title='bbox 263 697 383 778; x_wconf 84' lang='lat' dir='ltr'>adhuc</span> <span class='ocrx_word' id='word_1_18' title='bbox 397 713 540 800; x_wconf 85' lang='lat' dir='ltr'>-potens</span> <span class='ocrx_word' id='word_1_19' title='bbox 565 702 615 780; x_wconf 88' lang='lat' dir='ltr'>est</span> <span class='ocrx_word' id='word_1_20' title='bbox 640 700 705 780; x_wconf 91' lang='lat' dir='ltr'>sub</span> <span class='ocrx_word' id='word_1_21' title='bbox 726 701 886 804; x_wconf 86' lang='lat' dir='ltr'>Imperio</span> <span class='ocrx_word' id='word_1_22' title='bbox 929 693 1147 781; x_wconf 77' lang='lat' dir='ltr'>Turcarum.</span> <span class='ocrx_word' id='word_1_23' title='bbox 1391 796 1399 813; x_wconf 37' lang='grc' dir='ltr'><em>Ι</em></span> 
     </span>
     <span class='ocr_line' id='line_1_4' title="bbox 322 809 1812 926; baseline 0.015 -32"><span class='ocrx_word' id='word_1_24' title='bbox 322 815 417 894; x_wconf 88' lang='lat' dir='ltr'>Sunt</span> <span class='ocrx_word' id='word_1_25' title='bbox 448 821 512 920; x_wconf 90' lang='lat' dir='ltr'>qui</span> <span class='ocrx_word' id='word_1_26' title='bbox 542 821 727 920; x_wconf 87' lang='lat' dir='ltr'>postremo</span> <span class='ocrx_word' id='word_1_27' title='bbox 751 819 826 898; x_wconf 93' lang='lat' dir='ltr'>hoc</span> <span class='ocrx_word' id='word_1_28' title='bbox 853 844 970 899; x_wconf 76' lang='lat' dir='ltr'>contu</span> <span class='ocrx_word' id='word_1_29' title='bbox 1000 822 1315 901; x_wconf 70' lang='lat' dir='ltr'>Autrocnurr</span> <span class='ocrx_word' id='word_1_30' title='bbox 1345 809 1567 925; x_wconf 75' lang='lat' dir='ltr'>Epiphaneae</span> <span class='ocrx_word' id='word_1_31' title='bbox 1593 819 1812 926; x_wconf 66' lang='lat' dir='ltr'>inruperant</span> 
     </span>
    </p>
   </div>
   <div class='ocr_carea' id='block_1_3' title="bbox 1664 655 1781 712">
    <p class='ocr_par' dir='ltr' id='par_1_3' title="bbox 1664 655 1781 712">
     <span class='ocr_line' id='line_1_5' title="bbox 1664 655 1781 712; baseline 0.043 -6"><span class='ocrx_word' id='word_1_32' title='bbox 1664 655 1781 712; x_wconf 62' lang='lat' dir='ltr'>Hdmso</span> 
     </span>
    </p>
   </div>
   <div class='ocr_carea' id='block_1_4' title="bbox 161 934 1840 4636">
    <p class='ocr_par' dir='ltr' id='par_1_4' title="bbox 161 934 1840 4098">
     <span class='ocr_line' id='line_1_6' title="bbox 263 934 1827 1069; baseline 0.003 -60"><span class='ocrx_word' id='word_1_33' title='bbox 263 934 435 1032; x_wconf 82' lang='lat' dir='ltr'>telligunt</span> <span class='ocrx_word' id='word_1_34' title='bbox 460 992 470 1022; x_wconf 95' lang='lat'>,</span> <span class='ocrx_word' id='word_1_35' title='bbox 498 950 534 1012; x_wconf 87' lang='lat' dir='ltr'>at</span> <span class='ocrx_word' id='word_1_36' title='bbox 561 960 639 1014; x_wconf 93' lang='lat' dir='ltr'>non</span> <span class='ocrx_word' id='word_1_37' title='bbox 673 961 809 1037; x_wconf 85' lang='lat' dir='ltr'>magno</span> <span class='ocrx_word' id='word_1_38' title='bbox 843 962 930 1016; x_wconf 88' lang='lat' dir='ltr'>eum</span> <span class='ocrx_word' id='word_1_39' title='bbox 954 939 1104 1038; x_wconf 81' lang='lat' dir='ltr'>judicio.</span> <span class='ocrx_word' id='word_1_40' title='bbox 1149 938 1277 1018; x_wconf 89' lang='lat' dir='ltr'>Cornu</span> <span class='ocrx_word' id='word_1_41' title='bbox 1302 936 1419 1014; x_wconf 81' lang='lat' dir='ltr'>belliae</span> <span class='ocrx_word' id='word_1_42' title='bbox 1446 959 1647 1038; x_wconf 82' lang='lat' dir='ltr'><strong>numquam</strong></span> <span class='ocrx_word' id='word_1_43' title='bbox 1661 948 1827 1069; x_wconf 35' lang='lat' dir='ltr'>emulus?-</span> 
     </span>
     <span class='ocr_line' id='line_1_7' title="bbox 261 1030 1840 1158; baseline 0.001 -31"><span class='ocrx_word' id='word_1_44' title='bbox 261 1047 438 1152; x_wconf 75' lang='lat' dir='ltr'>fignificat</span> <span class='ocrx_word' id='word_1_45' title='bbox 468 1052 684 1154; x_wconf 72' lang='lat' dir='ltr'>singularem</span> <span class='ocrx_word' id='word_1_46' title='bbox 711 1055 899 1155; x_wconf 80' lang='lat' dir='ltr'>personum</span> <span class='ocrx_word' id='word_1_47' title='bbox 931 1115 942 1146; x_wconf 90' lang='lat'>,</span> <span class='ocrx_word' id='word_1_48' title='bbox 973 1055 1111 1158; x_wconf 86' lang='lat' dir='ltr'>semper</span> <span class='ocrx_word' id='word_1_49' title='bbox 1139 1067 1277 1134; x_wconf 84' lang='lat' dir='ltr'>norum</span> <span class='ocrx_word' id='word_1_50' title='bbox 1304 1053 1508 1153; x_wconf 82' lang='lat' dir='ltr'>Regnum:</span> <span class='ocrx_word' id='word_1_51' title='bbox 1548 1057 1643 1152; x_wconf 79' lang='lat' dir='ltr'>jam,</span> <span class='ocrx_word' id='word_1_52' title='bbox 1660 1031 1783 1152; x_wconf 51' lang='lat' dir='ltr'>Jssjhssm</span> <span class='ocrx_word' id='word_1_53' title='bbox 1798 1030 1840 1141; x_wconf 39' lang='lat'>⁸¹.</span> 
     </span>
     <span class='ocr_line' id='line_1_8' title="bbox 260 1164 1788 1282; baseline 0.004 -36"><span class='ocrx_word' id='word_1_54' title='bbox 260 1164 379 1260; x_wconf 66' lang='grc' dir='ltr'><strong>γετὸ,</strong></span> <span class='ocrx_word' id='word_1_55' title='bbox 402 1171 663 1250; x_wconf 75' lang='lat' dir='ltr'>Autrocrrr</span> <span class='ocrx_word' id='word_1_56' title='bbox 683 1169 854 1274; x_wconf 86' lang='lat' dir='ltr'>Regnum</span> <span class='ocrx_word' id='word_1_57' title='bbox 881 1187 998 1253; x_wconf 83' lang='lat' dir='ltr'>vetur¹</span> <span class='ocrx_word' id='word_1_58' title='bbox 1017 1175 1096 1254; x_wconf 87' lang='lat' dir='ltr'>fuit</span> <span class='ocrx_word' id='word_1_59' title='bbox 1142 1175 1335 1277; x_wconf 78' lang='lat' dir='ltr'>Imperavit</span> <span class='ocrx_word' id='word_1_60' title='bbox 1362 1175 1420 1248; x_wconf 87' lang='lat' dir='ltr'>hic</span> <span class='ocrx_word' id='word_1_61' title='bbox 1443 1173 1507 1249; x_wconf 89' lang='lat' dir='ltr'>uni</span> <span class='ocrx_word' id='word_1_62' title='bbox 1524 1167 1542 1247; x_wconf 82' lang='grc' dir='ltr'><strong>ὲ</strong></span> <span class='ocrx_word' id='word_1_63' title='bbox 1559 1195 1646 1282; x_wconf 78' lang='lat' dir='ltr'>qua-</span> <span class='ocrx_word' id='word_1_64' title='bbox 1660 1174 1788 1270; x_wconf 58' lang='lat' dir='ltr'>Erulu-</span> 
     </span>
     <span class='ocr_line' id='line_1_9' title="bbox 210 1255 1827 1418; baseline 0 -54"><span class='ocrx_word' id='word_1_65' title='bbox 210 1334 218 1364; x_wconf 43' lang='grc' dir='ltr'><strong>ε</strong></span> <span class='ocrx_word' id='word_1_66' title='bbox 261 1303 348 1366; x_wconf 89' lang='lat' dir='ltr'>tuor</span> <span class='ocrx_word' id='word_1_67' title='bbox 373 1290 568 1384; x_wconf 81' lang='lat' dir='ltr'>cornibua3</span> <span class='ocrx_word' id='word_1_68' title='bbox 588 1313 764 1390; x_wconf 87' lang='lat' dir='ltr'>parvum,</span> <span class='ocrx_word' id='word_1_69' title='bbox 785 1305 926 1382; x_wconf 87' lang='lat' dir='ltr'>autem,</span> <span class='ocrx_word' id='word_1_70' title='bbox 949 1317 1064 1372; x_wconf 87' lang='lat' dir='ltr'>cornu</span> <span class='ocrx_word' id='word_1_71' title='bbox 1081 1307 1156 1372; x_wconf 88' lang='lat' dir='ltr'>erat</span> <span class='ocrx_word' id='word_1_72' title='bbox 1176 1295 1372 1396; x_wconf 89' lang='lat' dir='ltr'>quintum,</span> <span class='ocrx_word' id='word_1_73' title='bbox 1394 1292 1550 1390; x_wconf 87' lang='lat' dir='ltr'>propriis</span> <span class='ocrx_word' id='word_1_74' title='bbox 1567 1287 1642 1364; x_wconf 75' lang='lat' dir='ltr'>suu</span> <span class='ocrx_word' id='word_1_75' title='bbox 1659 1255 1827 1418; x_wconf 47' lang='lat' dir='ltr'>flzssffffl&#39;</span> 
     </span>
     <span class='ocr_line' id='line_1_10' title="bbox 260 1390 1772 1513; baseline 0.001 -33"><span class='ocrx_word' id='word_1_76' title='bbox 260 1403 395 1503; x_wconf 75' lang='lat' dir='ltr'>Jeuum</span> <span class='ocrx_word' id='word_1_77' title='bbox 416 1405 586 1506; x_wconf 84' lang='lat' dir='ltr'><strong>Regibus.</strong></span> <span class='ocrx_word' id='word_1_78' title='bbox 641 1407 767 1488; x_wconf 91' lang='lat' dir='ltr'>Cornu</span> <span class='ocrx_word' id='word_1_79' title='bbox 793 1409 867 1488; x_wconf 92' lang='lat' dir='ltr'>hoc</span> <span class='ocrx_word' id='word_1_80' title='bbox 883 1409 1043 1510; x_wconf 79' lang='lat' dir='ltr'>primum</span> <span class='ocrx_word' id='word_1_81' title='bbox 1070 1427 1146 1490; x_wconf 88' lang='lat' dir='ltr'>erat</span> <span class='ocrx_word' id='word_1_82' title='bbox 1169 1434 1342 1513; x_wconf 83' lang='lat' dir='ltr'>parvum,</span> <span class='ocrx_word' id='word_1_83' title='bbox 1365 1432 1407 1484; x_wconf 85' lang='lat' dir='ltr'>uc</span> <span class='ocrx_word' id='word_1_84' title='bbox 1428 1407 1530 1484; x_wconf 77' lang='lat' dir='ltr'>valde</span> <span class='ocrx_word' id='word_1_85' title='bbox 1546 1429 1648 1506; x_wconf 87' lang='lat' dir='ltr'>mag·</span> <span class='ocrx_word' id='word_1_86' title='bbox 1764 1390 1772 1416; x_wconf 68' lang='lat'><em>¹</em></span> 
     </span>
     <span class='ocr_line' id='line_1_11' title="bbox 262 1523 1648 1628; baseline 0.002 -30"><span class='ocrx_word' id='word_1_87' title='bbox 262 1543 352 1598; x_wconf 87' lang='lat' dir='ltr'>num</span> <span class='ocrx_word' id='word_1_88' title='bbox 376 1523 514 1620; x_wconf 70' lang='lat' dir='ltr'>cratim</span> <span class='ocrx_word' id='word_1_89' title='bbox 538 1547 615 1602; x_wconf 90' lang='lat' dir='ltr'>non</span> <span class='ocrx_word' id='word_1_90' title='bbox 640 1528 690 1604; x_wconf 86' lang='lat' dir='ltr'>ita</span> <span class='ocrx_word' id='word_1_91' title='bbox 722 1525 1024 1607; x_wconf 73' lang='lat' dir='ltr'>Auruncuus.</span> <span class='ocrx_word' id='word_1_92' title='bbox 1066 1528 1201 1628; x_wconf 84' lang='lat' dir='ltr'>Ingens</span> <span class='ocrx_word' id='word_1_93' title='bbox 1228 1553 1300 1628; x_wconf 85' lang='lat' dir='ltr'>prae</span> <span class='ocrx_word' id='word_1_94' title='bbox 1326 1527 1497 1603; x_wconf 86' lang='lat' dir='ltr'>omnibus</span> <span class='ocrx_word' id='word_1_95' title='bbox 1515 1527 1648 1623; x_wconf 89' lang='lat' dir='ltr'>priori-</span> 
     </span>
     <span class='ocr_line' id='line_1_12' title="bbox 262 1641 1646 1747; baseline 0.003 -31"><span class='ocrx_word' id='word_1_96' title='bbox 262 1641 330 1716; x_wconf 79' lang='lat' dir='ltr'>bus</span> <span class='ocrx_word' id='word_1_97' title='bbox 352 1641 453 1719; x_wconf 84' lang='lat' dir='ltr'>fuilse</span> <span class='ocrx_word' id='word_1_98' title='bbox 482 1641 558 1721; x_wconf 90' lang='lat' dir='ltr'>hoc</span> <span class='ocrx_word' id='word_1_99' title='bbox 584 1645 755 1722; x_wconf 78' lang='lat' dir='ltr'>cornibus</span> <span class='ocrx_word' id='word_1_100' title='bbox 786 1643 1021 1740; x_wconf 87' lang='lat' dir='ltr'>describitur;</span> <span class='ocrx_word' id='word_1_101' title='bbox 1056 1647 1159 1747; x_wconf 92' lang='lat' dir='ltr'>quod</span> <span class='ocrx_word' id='word_1_102' title='bbox 1191 1645 1235 1722; x_wconf 91' lang='lat' dir='ltr'>de</span> <span class='ocrx_word' id='word_1_103' title='bbox 1268 1644 1547 1722; x_wconf 73' lang='lat' dir='ltr'>Autrocuo</span> <span class='ocrx_word' id='word_1_104' title='bbox 1571 1642 1646 1720; x_wconf 89' lang='lat' dir='ltr'>dici</span> 
     </span>
     <span class='ocr_line' id='line_1_13' title="bbox 261 1757 1643 1862; baseline 0.001 -28"><span class='ocrx_word' id='word_1_105' title='bbox 261 1780 340 1835; x_wconf 93' lang='lat' dir='ltr'>non</span> <span class='ocrx_word' id='word_1_106' title='bbox 364 1759 494 1858; x_wconf 89' lang='lat' dir='ltr'>potest.</span> <span class='ocrx_word' id='word_1_107' title='bbox 521 1757 642 1860; x_wconf 81' lang='lat' dir='ltr'><strong>Hujus</strong></span> <span class='ocrx_word' id='word_1_108' title='bbox 657 1758 863 1862; x_wconf 79' lang='lat' dir='ltr'>Regnum,</span> <span class='ocrx_word' id='word_1_109' title='bbox 891 1760 912 1840; x_wconf 78' lang='grc' dir='ltr'>ὲ</span> <span class='ocrx_word' id='word_1_110' title='bbox 943 1777 1098 1853; x_wconf 86' lang='lat' dir='ltr'>contra,</span> <span class='ocrx_word' id='word_1_111' title='bbox 1122 1761 1303 1840; x_wconf 88' lang='lat' dir='ltr'>infirmum</span> <span class='ocrx_word' id='word_1_112' title='bbox 1327 1776 1403 1836; x_wconf 86' lang='lat' dir='ltr'>erat</span> <span class='ocrx_word' id='word_1_113' title='bbox 1427 1761 1465 1834; x_wconf 90' lang='lat'>&amp;</span> <span class='ocrx_word' id='word_1_114' title='bbox 1491 1759 1643 1856; x_wconf 79' lang='lat' dir='ltr'>vetliga-</span> 
     </span>
     <span class='ocr_line' id='line_1_14' title="bbox 261 1870 1643 1978; baseline 0 -26"><span class='ocrx_word' id='word_1_115' title='bbox 261 1875 296 1952; x_wconf 90' lang='lat' dir='ltr'>le</span> <span class='ocrx_word' id='word_1_116' title='bbox 322 1873 516 1966; x_wconf 82' lang='lat' dir='ltr'>Romanis,</span> <span class='ocrx_word' id='word_1_117' title='bbox 549 1901 617 1956; x_wconf 86' lang='lat' dir='ltr'>nec</span> <span class='ocrx_word' id='word_1_118' title='bbox 638 1877 699 1956; x_wconf 89' lang='lat' dir='ltr'>ille</span> <span class='ocrx_word' id='word_1_119' title='bbox 727 1880 765 1957; x_wconf 93' lang='lat' dir='ltr'>id</span> <span class='ocrx_word' id='word_1_120' title='bbox 789 1883 903 1964; x_wconf 70' lang='lat' dir='ltr'>auxit</span> <span class='ocrx_word' id='word_1_121' title='bbox 953 1881 1079 1962; x_wconf 91' lang='lat' dir='ltr'>Cornu</span> <span class='ocrx_word' id='word_1_122' title='bbox 1102 1879 1194 1958; x_wconf 88' lang='lat' dir='ltr'>illud</span> <span class='ocrx_word' id='word_1_123' title='bbox 1214 1878 1411 1956; x_wconf 90' lang='lat' dir='ltr'>denotabat</span> <span class='ocrx_word' id='word_1_124' title='bbox 1436 1870 1568 1978; x_wconf 80' lang='lat' dir='ltr'><em>Regem</em></span> <span class='ocrx_word' id='word_1_125' title='bbox 1601 1903 1643 1952; x_wconf 81' lang='lat' dir='ltr'>a·</span> 
     </span>
     <span class='ocr_line' id='line_1_15' title="bbox 260 1981 1642 2104; baseline -0.001 -34"><span class='ocrx_word' id='word_1_126' title='bbox 260 1990 314 2070; x_wconf 85' lang='lat' dir='ltr'>cie</span> <span class='ocrx_word' id='word_1_127' title='bbox 326 1983 487 2098; x_wconf 80' lang='lat' dir='ltr'>ferocem</span> <span class='ocrx_word' id='word_1_128' title='bbox 505 1987 553 2081; x_wconf 72' lang='lat' dir='ltr'>dtr</span> <span class='ocrx_word' id='word_1_129' title='bbox 566 1993 641 2098; x_wconf 75' lang='lat' dir='ltr'>qut</span> <span class='ocrx_word' id='word_1_130' title='bbox 659 1990 878 2077; x_wconf 80' lang='lat' dir='ltr'>mirabiliter</span> <span class='ocrx_word' id='word_1_131' title='bbox 895 1989 1076 2103; x_wconf 56' lang='lat' dir='ltr'>efflavit,</span> <span class='ocrx_word' id='word_1_132' title='bbox 1091 1981 1145 2084; x_wconf 54' lang='lat' dir='ltr'>b*</span> <span class='ocrx_word' id='word_1_133' title='bbox 1169 1997 1243 2100; x_wconf 77' lang='lat' dir='ltr'>egit</span> <span class='ocrx_word' id='word_1_134' title='bbox 1269 1984 1454 2104; x_wconf 76' lang='lat' dir='ltr'>prosperd,</span> <span class='ocrx_word' id='word_1_135' title='bbox 1485 1985 1535 2079; x_wconf 55' lang='grc' dir='ltr'>ὁ*</span> <span class='ocrx_word' id='word_1_136' title='bbox 1569 1992 1642 2071; x_wconf 82' lang='lat' dir='ltr'>ecit</span> 
     </span>
     <span class='ocr_line' id='line_1_16' title="bbox 260 2099 1640 2220; baseline 0.003 -35"><span class='ocrx_word' id='word_1_137' title='bbox 260 2099 355 2217; x_wconf 82' lang='lat' dir='ltr'>(a);</span> <span class='ocrx_word' id='word_1_138' title='bbox 379 2113 416 2191; x_wconf 92' lang='lat' dir='ltr'>id</span> <span class='ocrx_word' id='word_1_139' title='bbox 450 2113 515 2198; x_wconf 81' lang='lat' dir='ltr'>eit,</span> <span class='ocrx_word' id='word_1_140' title='bbox 547 2109 716 2213; x_wconf 69' lang='lat' dir='ltr'>prosperi</span> <span class='ocrx_word' id='word_1_141' title='bbox 747 2117 787 2189; x_wconf 92' lang='lat' dir='ltr'>in</span> <span class='ocrx_word' id='word_1_142' title='bbox 811 2113 880 2192; x_wconf 74' lang='lat' dir='ltr'>suin</span> <span class='ocrx_word' id='word_1_143' title='bbox 912 2113 1076 2194; x_wconf 80' lang='lat' dir='ltr'>adversus</span> <span class='ocrx_word' id='word_1_144' title='bbox 1103 2115 1260 2220; x_wconf 79' lang='lat' dir='ltr'>santium</span> <span class='ocrx_word' id='word_1_145' title='bbox 1293 2111 1477 2213; x_wconf 89' lang='lat' dir='ltr'>populum</span> <span class='ocrx_word' id='word_1_146' title='bbox 1507 2113 1640 2210; x_wconf 72' lang='lat' dir='ltr'>coeptio</span> 
     </span>
     <span class='ocr_line' id='line_1_17' title="bbox 258 2228 1637 2328; baseline 0.001 -25"><span class='ocrx_word' id='word_1_147' title='bbox 258 2228 405 2310; x_wconf 65' lang='lat' dir='ltr'>fortuni</span> <span class='ocrx_word' id='word_1_148' title='bbox 426 2229 554 2322; x_wconf 84' lang='lat' dir='ltr'>usum3</span> <span class='ocrx_word' id='word_1_149' title='bbox 581 2229 872 2308; x_wconf 80' lang='lat' dir='ltr'>Auu1ocnus</span> <span class='ocrx_word' id='word_1_150' title='bbox 898 2248 1043 2322; x_wconf 85' lang='lat' dir='ltr'>autem,</span> <span class='ocrx_word' id='word_1_151' title='bbox 1067 2233 1140 2312; x_wconf 74' lang='lat' dir='ltr'>und</span> <span class='ocrx_word' id='word_1_152' title='bbox 1164 2229 1406 2309; x_wconf 84' lang='lat' dir='ltr'>Romanorum</span> <span class='ocrx_word' id='word_1_153' title='bbox 1429 2228 1637 2328; x_wconf 83' lang='lat' dir='ltr'>legatione,</span> 
     </span>
     <span class='ocr_line' id='line_1_18' title="bbox 257 2339 1641 2456; baseline 0.001 -34"><span class='ocrx_word' id='word_1_154' title='bbox 257 2348 391 2443; x_wconf 87' lang='lat' dir='ltr'>timore</span> <span class='ocrx_word' id='word_1_155' title='bbox 415 2361 517 2424; x_wconf 86' lang='lat' dir='ltr'>tanto</span> <span class='ocrx_word' id='word_1_156' title='bbox 549 2347 733 2446; x_wconf 78' lang='lat' dir='ltr'>perculsus</span> <span class='ocrx_word' id='word_1_157' title='bbox 758 2347 832 2437; x_wconf 87' lang='lat' dir='ltr'>est,</span> <span class='ocrx_word' id='word_1_158' title='bbox 861 2363 902 2426; x_wconf 91' lang='lat' dir='ltr'>ut</span> <span class='ocrx_word' id='word_1_159' title='bbox 928 2339 1090 2456; x_wconf 68' lang='lat' dir='ltr'>AEgppto</span> <span class='ocrx_word' id='word_1_160' title='bbox 1113 2350 1290 2452; x_wconf 71' lang='lat' dir='ltr'>lugeret,</span> <span class='ocrx_word' id='word_1_161' title='bbox 1330 2343 1488 2448; x_wconf 74' lang='lat' dir='ltr'>euntque</span> <span class='ocrx_word' id='word_1_162' title='bbox 1518 2345 1641 2447; x_wconf 74' lang='lat' dir='ltr'>postte</span> 
     </span>
     <span class='ocr_line' id='line_1_19' title="bbox 256 2455 1639 2566; baseline 0.001 -27"><span class='ocrx_word' id='word_1_163' title='bbox 256 2463 468 2565; x_wconf 79' lang='lat' dir='ltr'>superlmnt</span> <span class='ocrx_word' id='word_1_164' title='bbox 492 2455 631 2551; x_wconf 71' lang='lat' dir='ltr'>ludat,</span> <span class='ocrx_word' id='word_1_165' title='bbox 661 2478 769 2564; x_wconf 89' lang='lat' dir='ltr'>atque</span> <span class='ocrx_word' id='word_1_166' title='bbox 797 2469 872 2563; x_wconf 90' lang='lat' dir='ltr'>ejus</span> <span class='ocrx_word' id='word_1_167' title='bbox 897 2467 978 2544; x_wconf 79' lang='lat' dir='ltr'>ausa</span> <span class='ocrx_word' id='word_1_168' title='bbox 1004 2469 1159 2544; x_wconf 88' lang='lat' dir='ltr'>frustrati</span> <span class='ocrx_word' id='word_1_169' title='bbox 1179 2467 1284 2546; x_wconf 80' lang='lat' dir='ltr'>lunt-</span> <span class='ocrx_word' id='word_1_170' title='bbox 1313 2463 1462 2552; x_wconf 89' lang='lat' dir='ltr'>Cornu,</span> <span class='ocrx_word' id='word_1_171' title='bbox 1490 2463 1639 2566; x_wconf 91' lang='lat' dir='ltr'>dequo</span> 
     </span>
     <span class='ocr_line' id='line_1_20' title="bbox 213 2573 1713 2690; baseline 0.003 -32"><span class='ocrx_word' id='word_1_172' title='bbox 213 2597 217 2606; x_wconf 84' lang='lat'>&#39;</span> <span class='ocrx_word' id='word_1_173' title='bbox 256 2582 388 2678; x_wconf 76' lang='lat' dir='ltr'>egitur,</span> <span class='ocrx_word' id='word_1_174' title='bbox 410 2595 540 2681; x_wconf 83' lang='lat' dir='ltr'>potens</span> <span class='ocrx_word' id='word_1_175' title='bbox 557 2577 792 2658; x_wconf 83' lang='lat' dir='ltr'>erntvt&#39;ribus</span> <span class='ocrx_word' id='word_1_176' title='bbox 806 2573 978 2684; x_wconf 68' lang='lat' dir='ltr'>musteis,</span> <span class='ocrx_word' id='word_1_177' title='bbox 1006 2583 1168 2690; x_wconf 70' lang='lat' dir='ltr'>Altero</span> <span class='ocrx_word' id='word_1_178' title='bbox 1183 2608 1306 2664; x_wconf 81' lang='lat' dir='ltr'>cuns</span> <span class='ocrx_word' id='word_1_179' title='bbox 1313 2573 1398 2688; x_wconf 86' lang='lat' dir='ltr'>suis</span> <span class='ocrx_word' id='word_1_180' title='bbox 1419 2584 1504 2681; x_wconf 86' lang='lat' dir='ltr'>egit.</span> <span class='ocrx_word' id='word_1_181' title='bbox 1536 2579 1641 2658; x_wconf 84' lang='lat' dir='ltr'>Idem</span> <span class='ocrx_word' id='word_1_182' title='bbox 1698 2635 1713 2662; x_wconf 86' lang='grc'><strong>.</strong></span> 
     </span>
     <span class='ocr_line' id='line_1_21' title="bbox 258 2697 1638 2804; baseline 0 -28"><span class='ocrx_word' id='word_1_183' title='bbox 258 2721 375 2777; x_wconf 92' lang='lat' dir='ltr'>cornu</span> <span class='ocrx_word' id='word_1_184' title='bbox 404 2699 473 2775; x_wconf 87' lang='lat' dir='ltr'>sese</span> <span class='ocrx_word' id='word_1_185' title='bbox 500 2698 628 2774; x_wconf 85' lang='lat' dir='ltr'>extulit</span> <span class='ocrx_word' id='word_1_186' title='bbox 649 2697 813 2778; x_wconf 82' lang='lat' dir='ltr'>adversus</span> <span class='ocrx_word' id='word_1_187' title='bbox 837 2697 1043 2804; x_wconf 84' lang='lat' dir='ltr'>Principem</span> <span class='ocrx_word' id='word_1_188' title='bbox 1067 2703 1177 2790; x_wconf 88' lang='lat' dir='ltr'>coeli,</span> <span class='ocrx_word' id='word_1_189' title='bbox 1195 2700 1401 2801; x_wconf 82' lang='lat' dir='ltr'>Principem</span> <span class='ocrx_word' id='word_1_190' title='bbox 1415 2697 1638 2798; x_wconf 71' lang='lat' dir='ltr'>Principum</span> 
     </span>
     <span class='ocr_line' id='line_1_22' title="bbox 253 2816 1639 2917; baseline -0.001 -24"><span class='ocrx_word' id='word_1_191' title='bbox 253 2816 450 2917; x_wconf 73' lang='lat' dir='ltr'>,atquihoc</span> <span class='ocrx_word' id='word_1_192' title='bbox 474 2839 581 2914; x_wconf 81' lang='lat' dir='ltr'>agere</span> <span class='ocrx_word' id='word_1_193' title='bbox 610 2839 687 2892; x_wconf 94' lang='lat' dir='ltr'>non</span> <span class='ocrx_word' id='word_1_194' title='bbox 712 2818 995 2908; x_wconf 78' lang='lat' dir='ltr'>Aunrocflt,</span> <span class='ocrx_word' id='word_1_195' title='bbox 1015 2817 1143 2899; x_wconf 80' lang='lat' dir='ltr'>verum</span> <span class='ocrx_word' id='word_1_196' title='bbox 1169 2821 1524 2898; x_wconf 76' lang='lat' dir='ltr'>Aunrcnursrr</span> <span class='ocrx_word' id='word_1_197' title='bbox 1550 2829 1639 2892; x_wconf 84' lang='lat' dir='ltr'>nota</span> 
     </span>
     <span class='ocr_line' id='line_1_23' title="bbox 258 2931 1639 3038; baseline 0.001 -28"><span class='ocrx_word' id='word_1_198' title='bbox 258 2933 317 3010; x_wconf 88' lang='lat' dir='ltr'>est.</span> <span class='ocrx_word' id='word_1_199' title='bbox 351 2931 478 3011; x_wconf 86' lang='lat' dir='ltr'>Cornu</span> <span class='ocrx_word' id='word_1_200' title='bbox 497 2931 798 3014; x_wconf 80' lang='lat' dir='ltr'>illudlacrarium</span> <span class='ocrx_word' id='word_1_201' title='bbox 815 2935 893 3014; x_wconf 89' lang='lat' dir='ltr'>solo</span> <span class='ocrx_word' id='word_1_202' title='bbox 907 2941 1080 3038; x_wconf 76' lang='lat' dir='ltr'>aequavit,</span> <span class='ocrx_word' id='word_1_203' title='bbox 1099 2961 1177 3016; x_wconf 91' lang='lat' dir='ltr'>non</span> <span class='ocrx_word' id='word_1_204' title='bbox 1200 2933 1249 3013; x_wconf 92' lang='lat' dir='ltr'>lic</span> <span class='ocrx_word' id='word_1_205' title='bbox 1263 2934 1369 3013; x_wconf 75' lang='lat' dir='ltr'>Aue</span> <span class='ocrx_word' id='word_1_206' title='bbox 1382 2957 1395 3009; x_wconf 88' lang='lat'>1</span> <span class='ocrx_word' id='word_1_207' title='bbox 1408 2952 1587 3010; x_wconf 83' lang='lat' dir='ltr'>oenus:</span> <span class='ocrx_word' id='word_1_208' title='bbox 1607 2933 1639 3010; x_wconf 72' lang='lat' dir='ltr'>iz</span> 
     </span>
     <span class='ocr_line' id='line_1_24' title="bbox 256 3042 1639 3154; baseline 0.001 -27"><span class='ocrx_word' id='word_1_209' title='bbox 256 3050 426 3151; x_wconf 84' lang='lat' dir='ltr'>superstes</span> <span class='ocrx_word' id='word_1_210' title='bbox 442 3042 499 3154; x_wconf 86' lang='lat' dir='ltr'>(b)</span> <span class='ocrx_word' id='word_1_211' title='bbox 518 3049 674 3152; x_wconf 89' lang='lat' dir='ltr'>reliquit.</span> <span class='ocrx_word' id='word_1_212' title='bbox 709 3051 913 3142; x_wconf 79' lang='lat' dir='ltr'>Sacrariuna</span> <span class='ocrx_word' id='word_1_213' title='bbox 933 3067 1041 3154; x_wconf 87' lang='lat' dir='ltr'>atque</span> <span class='ocrx_word' id='word_1_214' title='bbox 1060 3055 1239 3132; x_wconf 81' lang='lat' dir='ltr'>exercitus</span> <span class='ocrx_word' id='word_1_215' title='bbox 1266 3051 1419 3152; x_wconf 83' lang='lat' dir='ltr'>pedibus</span> <span class='ocrx_word' id='word_1_216' title='bbox 1434 3045 1639 3150; x_wconf 75' lang='lat' dir='ltr'>proculcari</span> 
     </span>
     <span class='ocr_line' id='line_1_25' title="bbox 230 3166 1637 3272; baseline -0.004 -26"><span class='ocrx_word' id='word_1_217' title='bbox 230 3253 232 3256; x_wconf 62' lang='grc'>,</span> <span class='ocrx_word' id='word_1_218' title='bbox 256 3167 339 3268; x_wconf 86' lang='lat' dir='ltr'>sunt</span> <span class='ocrx_word' id='word_1_219' title='bbox 356 3169 410 3244; x_wconf 87' lang='lat' dir='ltr'>bis</span> <span class='ocrx_word' id='word_1_220' title='bbox 428 3168 527 3244; x_wconf 89' lang='lat' dir='ltr'>mille</span> <span class='ocrx_word' id='word_1_221' title='bbox 542 3192 583 3244; x_wconf 87' lang='lat' dir='ltr'>ac</span> <span class='ocrx_word' id='word_1_222' title='bbox 598 3181 781 3246; x_wconf 83' lang='lat' dir='ltr'>trecentos</span> <span class='ocrx_word' id='word_1_223' title='bbox 799 3172 896 3269; x_wconf 87' lang='lat' dir='ltr'>dies,</span> <span class='ocrx_word' id='word_1_224' title='bbox 917 3185 1025 3272; x_wconf 84' lang='lat' dir='ltr'>atque</span> <span class='ocrx_word' id='word_1_225' title='bbox 1041 3175 1080 3248; x_wconf 90' lang='lat' dir='ltr'>in</span> <span class='ocrx_word' id='word_1_226' title='bbox 1093 3169 1200 3250; x_wconf 74' lang='lat' dir='ltr'>Dru</span> <span class='ocrx_word' id='word_1_227' title='bbox 1214 3194 1226 3246; x_wconf 87' lang='lat' dir='ltr'>r</span> <span class='ocrx_word' id='word_1_228' title='bbox 1241 3193 1293 3246; x_wconf 83' lang='lat' dir='ltr'>nc</span> <span class='ocrx_word' id='word_1_229' title='bbox 1306 3191 1351 3246; x_wconf 78' lang='lat' dir='ltr'>rc</span> <span class='ocrx_word' id='word_1_230' title='bbox 1368 3167 1542 3244; x_wconf 82' lang='lat' dir='ltr'>vaticiniis</span> <span class='ocrx_word' id='word_1_231' title='bbox 1560 3166 1637 3242; x_wconf 86' lang='lat' dir='ltr'>dier</span> 
     </span>
     <span class='ocr_line' id='line_1_26' title="bbox 255 3283 1638 3390; baseline -0.001 -28"><span class='ocrx_word' id='word_1_232' title='bbox 255 3312 324 3388; x_wconf 89' lang='lat' dir='ltr'>pro</span> <span class='ocrx_word' id='word_1_233' title='bbox 343 3290 444 3362; x_wconf 88' lang='lat' dir='ltr'>annis</span> <span class='ocrx_word' id='word_1_234' title='bbox 458 3299 669 3386; x_wconf 89' lang='lat' dir='ltr'>ponuntur;</span> <span class='ocrx_word' id='word_1_235' title='bbox 687 3285 811 3364; x_wconf 81' lang='lat' dir='ltr'>verum</span> <span class='ocrx_word' id='word_1_236' title='bbox 833 3287 982 3390; x_wconf 88' lang='lat' dir='ltr'>Templi</span> <span class='ocrx_word' id='word_1_237' title='bbox 996 3288 1213 3388; x_wconf 82' lang='lat' dir='ltr'>profanatio,</span> <span class='ocrx_word' id='word_1_238' title='bbox 1232 3287 1295 3364; x_wconf 88' lang='lat' dir='ltr'>sub</span> <span class='ocrx_word' id='word_1_239' title='bbox 1309 3285 1441 3383; x_wconf 84' lang='lat' dir='ltr'>Regno</span> <span class='ocrx_word' id='word_1_240' title='bbox 1458 3283 1521 3362; x_wconf 83' lang='lat' dir='ltr'>Au</span> <span class='ocrx_word' id='word_1_241' title='bbox 1533 3307 1558 3358; x_wconf 84' lang='lat' dir='ltr'>n</span> <span class='ocrx_word' id='word_1_242' title='bbox 1571 3309 1583 3358; x_wconf 92' lang='lat'>1</span> <span class='ocrx_word' id='word_1_243' title='bbox 1597 3305 1638 3360; x_wconf 84' lang='lat' dir='ltr'>o-</span> 
     </span>
     <span class='ocr_line' id='line_1_27' title="bbox 257 3400 1638 3505; baseline -0.004 -23"><span class='ocrx_word' id='word_1_244' title='bbox 257 3429 320 3482; x_wconf 84' lang='lat' dir='ltr'>on</span> <span class='ocrx_word' id='word_1_245' title='bbox 335 3429 374 3493; x_wconf 86' lang='lat'>1,</span> <span class='ocrx_word' id='word_1_246' title='bbox 392 3427 468 3479; x_wconf 92' lang='lat' dir='ltr'>non</span> <span class='ocrx_word' id='word_1_247' title='bbox 493 3403 647 3479; x_wconf 85' lang='lat' dir='ltr'>totidem</span> <span class='ocrx_word' id='word_1_248' title='bbox 671 3404 819 3505; x_wconf 74' lang='lat' dir='ltr'>proprie</span> <span class='ocrx_word' id='word_1_249' title='bbox 842 3407 955 3483; x_wconf 76' lang='lat' dir='ltr'>ditlos</span> <span class='ocrx_word' id='word_1_250' title='bbox 971 3405 1047 3483; x_wconf 87' lang='lat' dir='ltr'>dies</span> <span class='ocrx_word' id='word_1_251' title='bbox 1074 3407 1225 3484; x_wconf 83' lang='lat' dir='ltr'>duravit</span> <span class='ocrx_word' id='word_1_252' title='bbox 1255 3401 1320 3482; x_wconf 86' lang='lat' dir='ltr'>Illa</span> <span class='ocrx_word' id='word_1_253' title='bbox 1343 3414 1445 3480; x_wconf 86' lang='lat' dir='ltr'>erant</span> <span class='ocrx_word' id='word_1_254' title='bbox 1470 3400 1638 3478; x_wconf 82' lang='lat' dir='ltr'>durature</span> 
     </span>
     <span class='ocr_line' id='line_1_28' title="bbox 254 3511 1637 3626; baseline -0.005 -25"><span class='ocrx_word' id='word_1_255' title='bbox 254 3523 366 3624; x_wconf 88' lang='lat' dir='ltr'>usque</span> <span class='ocrx_word' id='word_1_256' title='bbox 385 3521 429 3598; x_wconf 88' lang='lat' dir='ltr'>ad</span> <span class='ocrx_word' id='word_1_257' title='bbox 442 3533 579 3626; x_wconf 81' lang='lat' dir='ltr'>tempus</span> <span class='ocrx_word' id='word_1_258' title='bbox 581 3513 693 3626; x_wconf 85' lang='lat' dir='ltr'>finis,</span> <span class='ocrx_word' id='word_1_259' title='bbox 711 3522 886 3624; x_wconf 85' lang='lat' dir='ltr'>usquead</span> <span class='ocrx_word' id='word_1_260' title='bbox 906 3524 1078 3601; x_wconf 83' lang='lat' dir='ltr'>ultimum</span> <span class='ocrx_word' id='word_1_261' title='bbox 1093 3523 1353 3621; x_wconf 83' lang='lat' dir='ltr'>indignationis</span> <span class='ocrx_word' id='word_1_262' title='bbox 1367 3520 1496 3596; x_wconf 87' lang='lat' dir='ltr'>divinae</span> <span class='ocrx_word' id='word_1_263' title='bbox 1509 3520 1547 3594; x_wconf 91' lang='lat' dir='ltr'>in</span> <span class='ocrx_word' id='word_1_264' title='bbox 1562 3511 1637 3617; x_wconf 86' lang='lat' dir='ltr'>Ju-</span> 
     </span>
     <span class='ocr_line' id='line_1_29' title="bbox 255 3634 1638 3734; baseline -0.004 -20"><span class='ocrx_word' id='word_1_265' title='bbox 255 3637 338 3718; x_wconf 80' lang='lat' dir='ltr'>daeor</span> <span class='ocrx_word' id='word_1_266' title='bbox 359 3638 492 3734; x_wconf 80' lang='lat' dir='ltr'>finem3</span> <span class='ocrx_word' id='word_1_267' title='bbox 512 3663 552 3714; x_wconf 84' lang='lat' dir='ltr'>ea</span> <span class='ocrx_word' id='word_1_268' title='bbox 566 3634 653 3716; x_wconf 75' lang='lat' dir='ltr'>vero</span> <span class='ocrx_word' id='word_1_269' title='bbox 670 3639 829 3717; x_wconf 86' lang='lat' dir='ltr'>necdum</span> <span class='ocrx_word' id='word_1_270' title='bbox 851 3639 960 3718; x_wconf 76' lang='lat' dir='ltr'>desiit</span> <span class='ocrx_word' id='word_1_271' title='bbox 1005 3639 1186 3720; x_wconf 87' lang='lat' dir='ltr'>Duratura</span> <span class='ocrx_word' id='word_1_272' title='bbox 1201 3653 1299 3715; x_wconf 86' lang='lat' dir='ltr'>erant</span> <span class='ocrx_word' id='word_1_273' title='bbox 1319 3637 1380 3720; x_wconf 82' lang='lat' dir='ltr'>illu</span> <span class='ocrx_word' id='word_1_274' title='bbox 1393 3637 1515 3713; x_wconf 90' lang='lat' dir='ltr'>donec</span> <span class='ocrx_word' id='word_1_275' title='bbox 1528 3634 1638 3711; x_wconf 87' lang='lat' dir='ltr'>sacra·</span> 
     </span>
     <span class='ocr_line' id='line_1_30' title="bbox 253 3751 1636 3862; baseline -0.003 -28"><span class='ocrx_word' id='word_1_276' title='bbox 253 3761 370 3845; x_wconf 89' lang='lat' dir='ltr'>rium,</span> <span class='ocrx_word' id='word_1_277' title='bbox 390 3756 491 3858; x_wconf 86' lang='lat' dir='ltr'>quod</span> <span class='ocrx_word' id='word_1_278' title='bbox 515 3755 693 3853; x_wconf 76' lang='lat' dir='ltr'>dejetlum</span> <span class='ocrx_word' id='word_1_279' title='bbox 713 3755 820 3856; x_wconf 84' lang='lat' dir='ltr'>esset,</span> <span class='ocrx_word' id='word_1_280' title='bbox 837 3769 1077 3862; x_wconf 84' lang='lat' dir='ltr'>purgaretur;</span> <span class='ocrx_word' id='word_1_281' title='bbox 1104 3773 1140 3838; x_wconf 87' lang='lat' dir='ltr'>at</span> <span class='ocrx_word' id='word_1_282' title='bbox 1159 3756 1317 3834; x_wconf 89' lang='lat' dir='ltr'>necdum</span> <span class='ocrx_word' id='word_1_283' title='bbox 1342 3751 1534 3833; x_wconf 86' lang='lat' dir='ltr'>sacrarium</span> <span class='ocrx_word' id='word_1_284' title='bbox 1552 3773 1636 3852; x_wconf 91' lang='lat' dir='ltr'>pur·</span> 
     </span>
     <span class='ocr_line' id='line_1_31' title="bbox 254 3866 929 3975; baseline -0.009 -21"><span class='ocrx_word' id='word_1_285' title='bbox 254 3890 380 3975; x_wconf 83' lang='lat' dir='ltr'>gutum</span> <span class='ocrx_word' id='word_1_286' title='bbox 405 3875 456 3952; x_wconf 87' lang='lat' dir='ltr'>est</span> <span class='ocrx_word' id='word_1_287' title='bbox 483 3866 540 3973; x_wconf 85' lang='lat' dir='ltr'>(c).</span> <span class='ocrx_word' id='word_1_288' title='bbox 927 3924 929 3932; x_wconf 83' lang='lat'>.</span> 
     </span>
     <span class='ocr_line' id='line_1_32' title="bbox 161 3979 1638 4098; baseline 0.003 -34"><span class='ocrx_word' id='word_1_289' title='bbox 161 4061 163 4064; x_wconf 85' lang='grc'>,</span> <span class='ocrx_word' id='word_1_290' title='bbox 264 4021 270 4036; x_wconf 66' lang='grc'>’</span> <span class='ocrx_word' id='word_1_291' title='bbox 342 3985 597 4096; x_wconf 71' lang='lat' dir='ltr'>lfiNerotmi</span> <span class='ocrx_word' id='word_1_292' title='bbox 626 3979 823 4098; x_wconf 66' lang='lat' dir='ltr'>opusculo.</span> <span class='ocrx_word' id='word_1_293' title='bbox 871 3987 984 4069; x_wconf 88' lang='lat' dir='ltr'>Tom.</span> <span class='ocrx_word' id='word_1_294' title='bbox 1008 3989 1085 4070; x_wconf 78' lang='lat' dir='ltr'>lll</span> <span class='ocrx_word' id='word_1_295' title='bbox 1281 3981 1355 4068; x_wconf 90' lang='lat' dir='ltr'>Zz</span> <span class='ocrx_word' id='word_1_296' title='bbox 1532 3983 1638 4068; x_wconf 81' lang='lat' dir='ltr'>Vari.</span> 
     </span>
    </p>

    <p class='ocr_par' dir='ltr' id='par_1_5' title="bbox 277 4156 1161 4236">
     <span class='ocr_line' id='line_1_33' title="bbox 277 4156 1161 4236; baseline 0.006 -22"><span class='ocrx_word' id='word_1_297' title='bbox 277 4161 339 4234; x_wconf 78' lang='lat' dir='ltr'>·(a)</span> <span class='ocrx_word' id='word_1_298' title='bbox 360 4157 397 4219; x_wconf 84' lang='lat' dir='ltr'>vs.</span> <span class='ocrx_word' id='word_1_299' title='bbox 419 4175 468 4234; x_wconf 73' lang='grc' dir='ltr'>ις.</span> <span class='ocrx_word' id='word_1_300' title='bbox 949 4157 993 4236; x_wconf 81' lang='lat' dir='ltr'>(l)</span> <span class='ocrx_word' id='word_1_301' title='bbox 1013 4156 1161 4236; x_wconf 69' lang='lat' dir='ltr'>Steuding·</span> 
     </span>
    </p>

    <p class='ocr_par' dir='ltr' id='par_1_6' title="bbox 248 4230 1644 4636">
     <span class='ocr_line' id='line_1_34' title="bbox 295 4230 1636 4318; baseline -0.003 -22"><span class='ocrx_word' id='word_1_302' title='bbox 295 4241 337 4318; x_wconf 77' lang='lat' dir='ltr'>(e)</span> <span class='ocrx_word' id='word_1_303' title='bbox 359 4238 521 4312; x_wconf 86' lang='lat' dir='ltr'>(Omnium</span> <span class='ocrx_word' id='word_1_304' title='bbox 534 4235 643 4300; x_wconf 76' lang='lat' dir='ltr'>tantum</span> <span class='ocrx_word' id='word_1_305' title='bbox 656 4257 715 4300; x_wconf 87' lang='lat' dir='ltr'>non</span> <span class='ocrx_word' id='word_1_306' title='bbox 730 4236 921 4315; x_wconf 77' lang='lat' dir='ltr'>interpretum</span> <span class='ocrx_word' id='word_1_307' title='bbox 972 4253 1015 4301; x_wconf 82' lang='lat' dir='ltr'>ter</span> <span class='ocrx_word' id='word_1_308' title='bbox 1028 4251 1146 4302; x_wconf 81' lang='lat' dir='ltr'>movet,</span> <span class='ocrx_word' id='word_1_309' title='bbox 1162 4234 1376 4300; x_wconf 78' lang='lat' dir='ltr'>difficultatibus</span> <span class='ocrx_word' id='word_1_310' title='bbox 1411 4233 1491 4298; x_wconf 83' lang='lat' dir='ltr'>iocur</span> <span class='ocrx_word' id='word_1_311' title='bbox 1504 4241 1563 4296; x_wconf 85' lang='lat' dir='ltr'>no&#39;n</span> <span class='ocrx_word' id='word_1_312' title='bbox 1584 4230 1636 4293; x_wconf 75' lang='lat' dir='ltr'>‹le-</span> 
     </span>
     <span class='ocr_line' id='line_1_35' title="bbox 255 4317 1644 4397; baseline -0.006 -13"><span class='ocrx_word' id='word_1_313' title='bbox 255 4321 294 4384; x_wconf 86' lang='lat' dir='ltr'>el&#39;t</span> <span class='ocrx_word' id='word_1_314' title='bbox 304 4339 348 4388; x_wconf 83' lang='lat' dir='ltr'>ea,</span> <span class='ocrx_word' id='word_1_315' title='bbox 362 4337 446 4397; x_wconf 86' lang='lat' dir='ltr'>quam</span> <span class='ocrx_word' id='word_1_316' title='bbox 460 4319 558 4380; x_wconf 84' lang='lat' dir='ltr'>Noster</span> <span class='ocrx_word' id='word_1_317' title='bbox 568 4318 616 4380; x_wconf 87' lang='lat' dir='ltr'>hic</span> <span class='ocrx_word' id='word_1_318' title='bbox 635 4321 733 4392; x_wconf 86' lang='lat' dir='ltr'>rejicit,</span> <span class='ocrx_word' id='word_1_319' title='bbox 757 4319 920 4388; x_wconf 84' lang='lat' dir='ltr'>sententia,</span> <span class='ocrx_word' id='word_1_320' title='bbox 971 4329 1029 4383; x_wconf 84' lang='lat' dir='ltr'>tur.</span> <span class='ocrx_word' id='word_1_321' title='bbox 1054 4318 1144 4395; x_wconf 84' lang='lat' dir='ltr'>ipsam</span> <span class='ocrx_word' id='word_1_322' title='bbox 1156 4319 1229 4379; x_wconf 78' lang='lat' dir='ltr'>lianc</span> <span class='ocrx_word' id='word_1_323' title='bbox 1243 4329 1349 4378; x_wconf 82' lang='lat' dir='ltr'>tantam</span> <span class='ocrx_word' id='word_1_324' title='bbox 1370 4317 1448 4378; x_wconf 85' lang='lat' dir='ltr'>litem</span> <span class='ocrx_word' id='word_1_325' title='bbox 1470 4319 1543 4378; x_wconf 89' lang='lat' dir='ltr'>inter</span> <span class='ocrx_word' id='word_1_326' title='bbox 1559 4318 1644 4376; x_wconf 77' lang='lat' dir='ltr'>viror</span> 
     </span>
     <span class='ocr_line' id='line_1_36' title="bbox 259 4395 1632 4478; baseline 0.001 -17"><span class='ocrx_word' id='word_1_327' title='bbox 259 4395 412 4478; x_wconf 79' lang='lat' dir='ltr'>validisque</span> <span class='ocrx_word' id='word_1_328' title='bbox 436 4399 563 4460; x_wconf 81' lang='lat' dir='ltr'>illenim</span> <span class='ocrx_word' id='word_1_329' title='bbox 576 4402 744 4463; x_wconf 58' lang='lat' dir='ltr'>talonibus.</span> <span class='ocrx_word' id='word_1_330' title='bbox 766 4401 858 4462; x_wconf 79' lang='lat' dir='ltr'>Etiam</span> <span class='ocrx_word' id='word_1_331' title='bbox 881 4405 925 4468; x_wconf 84' lang='lat' dir='ltr'>lo·</span> <span class='ocrx_word' id='word_1_332' title='bbox 972 4417 1090 4477; x_wconf 79' lang='lat' dir='ltr'>magum</span> <span class='ocrx_word' id='word_1_333' title='bbox 1103 4400 1235 4460; x_wconf 80' lang='lat' dir='ltr'>dirimere</span> <span class='ocrx_word' id='word_1_334' title='bbox 1248 4417 1308 4459; x_wconf 89' lang='lat' dir='ltr'>nnn</span> <span class='ocrx_word' id='word_1_335' title='bbox 1330 4397 1370 4460; x_wconf 80' lang='lat' dir='ltr'>est</span> <span class='ocrx_word' id='word_1_336' title='bbox 1392 4401 1536 4469; x_wconf 85' lang='lat' dir='ltr'>nostrum,</span> <span class='ocrx_word' id='word_1_337' title='bbox 1557 4413 1632 4462; x_wconf 68' lang='lat' dir='ltr'>neo,</span> 
     </span>
     <span class='ocr_line' id='line_1_37' title="bbox 248 4478 1635 4568; baseline -0.003 -26"><span class='ocrx_word' id='word_1_338' title='bbox 248 4484 351 4568; x_wconf 74' lang='lat' dir='ltr'>sepius</span> <span class='ocrx_word' id='word_1_339' title='bbox 366 4483 434 4545; x_wconf 76' lang='lat' dir='ltr'>Ant.</span> <span class='ocrx_word' id='word_1_340' title='bbox 454 4481 526 4542; x_wconf 81' lang='lat' dir='ltr'>libr.</span> <span class='ocrx_word' id='word_1_341' title='bbox 539 4481 578 4542; x_wconf 88' lang='lat' dir='ltr'>X.</span> <span class='ocrx_word' id='word_1_342' title='bbox 592 4501 616 4543; x_wconf 87' lang='lat' dir='ltr'>c.</span> <span class='ocrx_word' id='word_1_343' title='bbox 634 4495 662 4552; x_wconf 77' lang='lat'>8.</span> <span class='ocrx_word' id='word_1_344' title='bbox 678 4479 771 4544; x_wconf 78' lang='lat' dir='ltr'>versus</span> <span class='ocrx_word' id='word_1_345' title='bbox 782 4481 881 4551; x_wconf 85' lang='lat' dir='ltr'>linem,</span> <span class='ocrx_word' id='word_1_346' title='bbox 898 4481 925 4543; x_wconf 79' lang='lat' dir='ltr'>dr</span> <span class='ocrx_word' id='word_1_347' title='bbox 974 4480 1080 4543; x_wconf 75' lang='lat' dir='ltr'>etiamst</span> <span class='ocrx_word' id='word_1_348' title='bbox 1091 4479 1120 4553; x_wconf 74' lang='lat' dir='ltr'>id</span> <span class='ocrx_word' id='word_1_349' title='bbox 1134 4499 1186 4542; x_wconf 86' lang='lat' dir='ltr'>nos</span> <span class='ocrx_word' id='word_1_350' title='bbox 1197 4478 1272 4558; x_wconf 88' lang='lat' dir='ltr'>polle</span> <span class='ocrx_word' id='word_1_351' title='bbox 1280 4479 1479 4558; x_wconf 76' lang='lat' dir='ltr'>suspicaremur</span> <span class='ocrx_word' id='word_1_352' title='bbox 1492 4523 1501 4548; x_wconf 92' lang='lat'>,</span> <span class='ocrx_word' id='word_1_353' title='bbox 1515 4480 1544 4546; x_wconf 88' lang='lat' dir='ltr'>id</span> <span class='ocrx_word' id='word_1_354' title='bbox 1556 4493 1635 4542; x_wconf 80' lang='lat' dir='ltr'>cotu-</span> 
     </span>
     <span class='ocr_line' id='line_1_38' title="bbox 257 4557 1638 4636; baseline 0 -17"><span class='ocrx_word' id='word_1_355' title='bbox 257 4564 324 4626; x_wconf 78' lang='lat' dir='ltr'>x1l.</span> <span class='ocrx_word' id='word_1_356' title='bbox 342 4582 366 4624; x_wconf 87' lang='lat' dir='ltr'>c.</span> <span class='ocrx_word' id='word_1_357' title='bbox 385 4578 430 4624; x_wconf 83' lang='grc' dir='ltr'>ιι.</span> <span class='ocrx_word' id='word_1_358' title='bbox 444 4561 574 4622; x_wconf 87' lang='lat' dir='ltr'>eamdem</span> <span class='ocrx_word' id='word_1_359' title='bbox 588 4577 688 4624; x_wconf 83' lang='lat' dir='ltr'>tuetur.</span> <span class='ocrx_word' id='word_1_360' title='bbox 717 4567 768 4636; x_wconf 82' lang='lat' dir='ltr'>lta,</span> <span class='ocrx_word' id='word_1_361' title='bbox 781 4557 858 4633; x_wconf 76' lang='lat' dir='ltr'>veri),</span> <span class='ocrx_word' id='word_1_362' title='bbox 869 4561 923 4622; x_wconf 87' lang='lat' dir='ltr'>sm-</span> <span class='ocrx_word' id='word_1_363' title='bbox 974 4561 1060 4624; x_wconf 78' lang='lat' dir='ltr'>mode</span> <span class='ocrx_word' id='word_1_364' title='bbox 1073 4557 1133 4624; x_wconf 87' lang='lat' dir='ltr'>sutis</span> <span class='ocrx_word' id='word_1_365' title='bbox 1148 4557 1194 4622; x_wconf 83' lang='lat' dir='ltr'>hic</span> <span class='ocrx_word' id='word_1_366' title='bbox 1211 4559 1290 4622; x_wconf 84' lang='lat' dir='ltr'>fieret</span> <span class='ocrx_word' id='word_1_367' title='bbox 1305 4605 1313 4634; x_wconf 91' lang='lat'>,</span> <span class='ocrx_word' id='word_1_368' title='bbox 1329 4558 1395 4622; x_wconf 81' lang='lat' dir='ltr'>cinn</span> <span class='ocrx_word' id='word_1_369' title='bbox 1416 4559 1605 4622; x_wconf 82' lang='lat' dir='ltr'>adnotationis</span> <span class='ocrx_word' id='word_1_370' title='bbox 1621 4596 1638 4626; x_wconf 86' lang='lat'>,.</span> 
     </span>
    </p>
   </div>
   <div class='ocr_carea' id='block_1_5' title="bbox 258 4638 1635 4806">
    <p class='ocr_par' dir='ltr' id='par_1_7' title="bbox 258 4638 1635 4806">
     <span class='ocr_line' id='line_1_39' title="bbox 258 4638 1634 4724; baseline -0.003 -20"><span class='ocrx_word' id='word_1_371' title='bbox 258 4646 322 4724; x_wconf 74' lang='lat' dir='ltr'>gula</span> <span class='ocrx_word' id='word_1_372' title='bbox 334 4643 350 4704; x_wconf 81' lang='lat' dir='ltr'>&#39;a</span> <span class='ocrx_word' id='word_1_373' title='bbox 364 4643 471 4714; x_wconf 64' lang='lat' dir='ltr'>oratu,</span> <span class='ocrx_word' id='word_1_374' title='bbox 487 4643 619 4707; x_wconf 76' lang='lat' dir='ltr'>Calvino.</span> <span class='ocrx_word' id='word_1_375' title='bbox 634 4638 749 4718; x_wconf 81' lang='lat' dir='ltr'>aliisque</span> <span class='ocrx_word' id='word_1_376' title='bbox 761 4683 769 4710; x_wconf 87' lang='lat'>,</span> <span class='ocrx_word' id='word_1_377' title='bbox 781 4643 866 4704; x_wconf 85' lang='lat' dir='ltr'>verba</span> <span class='ocrx_word' id='word_1_378' title='bbox 877 4659 926 4703; x_wconf 83' lang='lat' dir='ltr'>err-</span> <span class='ocrx_word' id='word_1_379' title='bbox 975 4646 1060 4705; x_wconf 84' lang='lat' dir='ltr'>etiarn</span> <span class='ocrx_word' id='word_1_380' title='bbox 1084 4642 1262 4719; x_wconf 75' lang='lat' dir='ltr'>prolixioris,</span> <span class='ocrx_word' id='word_1_381' title='bbox 1287 4640 1389 4704; x_wconf 81' lang='lat' dir='ltr'>limitet</span> <span class='ocrx_word' id='word_1_382' title='bbox 1406 4641 1634 4719; x_wconf 74' lang='lat' dir='ltr'>pretergredien-</span> 
     </span>
     <span class='ocr_line' id='line_1_40' title="bbox 260 4721 1635 4806; baseline -0.003 -18"><span class='ocrx_word' id='word_1_383' title='bbox 260 4727 412 4806; x_wconf 86' lang='lat' dir='ltr'>plicantur,</span> <span class='ocrx_word' id='word_1_384' title='bbox 427 4741 461 4792; x_wconf 89' lang='lat' dir='ltr'>ur</span> <span class='ocrx_word' id='word_1_385' title='bbox 474 4723 613 4806; x_wconf 85' lang='lat' dir='ltr'>plerisque</span> <span class='ocrx_word' id='word_1_386' title='bbox 629 4743 666 4788; x_wconf 78' lang='lat' dir='ltr'>ex</span> <span class='ocrx_word' id='word_1_387' title='bbox 681 4723 756 4804; x_wconf 82' lang='lat' dir='ltr'>illis,</span> <span class='ocrx_word' id='word_1_388' title='bbox 775 4741 844 4804; x_wconf 82' lang='lat' dir='ltr'>quar</span> <span class='ocrx_word' id='word_1_389' title='bbox 858 4721 926 4790; x_wconf 75' lang='lat' dir='ltr'>unt</span> <span class='ocrx_word' id='word_1_390' title='bbox 977 4724 1048 4790; x_wconf 86' lang='lat' dir='ltr'>dunt</span> <span class='ocrx_word' id='word_1_391' title='bbox 1065 4721 1134 4788; x_wconf 83' lang='lat' dir='ltr'>cllet</span> <span class='ocrx_word' id='word_1_392' title='bbox 1144 4723 1347 4806; x_wconf 82' lang='lat' dir='ltr'>lutudparurn.¹</span> <span class='ocrx_word' id='word_1_393' title='bbox 1374 4722 1497 4800; x_wconf 71' lang='lat' dir='ltr'>§uffitiat</span> <span class='ocrx_word' id='word_1_394' title='bbox 1516 4723 1546 4785; x_wconf 89' lang='lat' dir='ltr'>in</span> <span class='ocrx_word' id='word_1_395' title='bbox 1563 4737 1635 4804; x_wconf 77' lang='lat' dir='ltr'>prat·</span> 
     </span>
    </p>
   </div>
   <div class='ocr_carea' id='block_1_6' title="bbox 0 0 2254 5812">
    <p class='ocr_par' dir='ltr' id='par_1_8' title="bbox 0 0 2254 5812">
     <span class='ocr_line' id='line_1_41' title="bbox 0 0 2254 5812; baseline 0 5"><span class='ocrx_word' id='word_1_396' title='bbox 0 0 2254 5812; x_wconf 95' lang='lat' dir='ltr'> </span> 
     </span>
    </p>
   </div>
  </div>
 </body>
</html>
