4468 5814
611 428 695 506 254
951 385 1450 486 OPUSCULUM
1510 397 1698 486 XXlll.

430 559 646 656 cnt.tt1.&
675 579 841 645 mortuus
869 566 919 643 est
946 567 1040 644 circa
1066 565 1229 646 medium
1254 567 1451 662 hiemem,
1481 589 1577 644 anno
1614 563 1797 657 Neron
1813 571 1990 679 nesrfnr

607 683 858 764 tercentesimo
884 683 1051 764 vicelimo
1077 689 1237 787 quinto:
1265 675 1384 790 Perste
1415 685 1564 788 qnidem
1590 705 1688 764 nunc
1710 687 1815 766 istum
1840 691 1996 772 Anus·

608 818 755 891 curn,
778 801 1110 893 &Brennum
1130 799 1437 884 Orientalesverd
1465 801 1653 883 Christiani
1682 804 1995 890 Anrennscn

607 920 800 1026 appellant.
1755 959 1758 964 ·

691 1037 839 1118 Deinde
859 1034 1031 1138 Regnum
1057 1040 1315 1125 obtinuerunt,
1348 1033 1551 1120 Xerxes
1581 1041 1675 1120 duos
1694 1043 1855 1133 menses,
1876 1038 1994 1122 Soo-

606 1183 798 1244 nrnrtus
836 1157 974 1259 septem
1007 1161 1171 1247 menses,
1205 1157 1243 1235 dc
1275 1152 1475 1265 Dnnrus
1518 1151 1696 1248 Notbus,
1738 1159 1874 1262 spurius
1913 1161 1998 1242 nr-

607 1305 633 1358 τ
649 1305 669 1360 r
688 1303 715 1356 x
730 1300 871 1354 enxrs
895 1271 1014 1366 filius,
1040 1301 1154 1356 annos
1171 1275 1420 1373 undeviginti,
1441 1291 1598 1377 quatuor
1624 1289 1685 1358 aut
1714 1281 1875 1382 quinque
1896 1299 1999 1357 men-

607 1397 703 1476 libus
730 1395 963 1490 diminutos3
995 1394 1094 1474 diem
1124 1395 1297 1474 ultimum
1322 1393 1416 1470 obiit
1444 1395 1583 1486 aestate,
1605 1389 1717 1498 pauld
1747 1398 1828 1497 post
1855 1395 1999 1476 finimm

608 1516 746 1593 bellum
771 1505 1128 1619 Peloponnesiacum,
1160 1513 1198 1592 δι
1221 1513 1354 1590 eodem
1376 1533 1472 1591 anno
1492 1511 1717 1616 Olympico,
1736 1515 1773 1592 &
1794 1514 1879 1592 ideo
1898 1538 1999 1591 men-

606 1633 643 1710 se
669 1635 729 1712 vel
766 1623 891 1711 Maio
931 1632 989 1707 vei
1026 1623 1176 1720 lunio,
1218 1653 1316 1708 anno
1355 1627 1717 1709 Neronnssrnr
1751 1629 1999 1710 tercentesimo

608 1747 884 1853 quadragefimo
919 1763 1058 1852 quarto.
1119 1747 1297 1830 Decimus
1322 1751 1475 1838 tertius,
1502 1771 1548 1825 ex
1579 1772 1655 1850 quo
1679 1747 1850 1850 Regnum
1863 1750 1996 1840 adivit,

605 1891 746 1958 annus,
782 1869 903 1944 hieme
936 1866 1114 1944 coincidit
1144 1891 1229 1946 curn
1255 1863 1427 1943 vicelimo
1457 1865 1545 1943 belii
1569 1860 1870 1974 Peloponnesiaci,
1895 1872 1998 1967 cuius

601 1985 691 2063 belli
718 2009 832 2062 annos
858 1983 1042 2062 certiffimi
1068 1985 1282 2062 charaderes
1305 1982 1517 2074 definiunt,
1554 1979 1592 2063 dt
1624 1985 1669 2062 de
1696 1985 1767 2064 iliis
1799 1989 1893 2063 inter
1921 2009 2002 2063 om-

600 2127 666 2180 nes
702 2099 972 2201 Chronologos
1002 2107 1176 2179 convenit
1200 2128 1208 2177 :
1236 2099 1322 2176 belli
1350 2098 1458 2198 huius
1485 2105 1630 2180 initium
1655 2101 1724 2180 fuit
1750 2127 1847 2180 anno
1879 2107 2002 2204 primo

602 2217 838 2321 Olympiadis
862 2217 1095 2320 ottogesrmae
1126 2220 1305 2318 septima,
1337 2217 1551 2300 diuturnitas
1583 2243 1762 2298 annorum
1796 2221 1933 2322 septem
1965 2221 2002 2295 &

602 2340 755 2436 viginti,
788 2341 822 2415 dc
851 2336 935 2414 finis
973 2339 1032 2416 die
1063 2338 1213 2416 decimo
1242 2348 1370 2440 quarto
1405 2336 1536 2417 meniis
1573 2331 1714 2444 Aprilis
1741 2361 1837 2416 anno
1871 2351 2000 2440 quarto

608 2451 842 2558 Olympiadis
868 2451 1116 2555 nonagessrnae
1143 2457 1265 2534 tertiae.

683 2571 876 2650 Proximus
908 2575 953 2650 ab
978 2598 1024 2656 eo
1048 2573 1220 2672 Regnum
1245 2574 1396 2674 adeptus
1426 2572 1475 2649 est
1509 2571 1850 2656 Ansnxsnxns
1879 2560 2001 2649 Mne-

605 2713 685 2772 utou
718 2689 787 2768 Dr
804 2711 879 2768 ιιι
903 2691 1022 2788 filius3
1051 2689 1301 2791 Principatum
1328 2691 1429 2766 suum
1454 2689 1625 2790 perduxit
1650 2691 1694 2767 ad
1725 2713 1839 2767 annos
1870 2687 1930 2766 sex
1965 2689 2002 2762 &

607 2807 867 2912 quadraginta,
904 2809 1125 2908 decessitque
1154 2831 1250 2886 anno
1283 2807 1651 2885 Nnnostnssnnr
1679 2805 1913 2908 nonagesimo
1946 2803 2000 2880 l-

607 2951 672 3030 pra
702 2925 1001 3005 tercentefimum
1055 2924 1202 3004 Deinde
1233 2929 1523 3025 imperaverunt,
1557 2925 1584 3004 Α
1611 2951 1634 3002 n
1657 2949 1682 3002 τ
1706 2950 1730 3002 n
1751 2949 1776 3000 x
1802 2949 1822 3002 e
1847 2949 1870 3002 n
1894 2949 1921 3004 x
1943 2941 2004 3002 ss

611 3039 737 3122 Ochus
765 3070 879 3124 annos
912 3047 1045 3144 viginti
1074 3069 1212 3132 unum,
1245 3042 1340 3120 duos
1370 3041 1527 3126 Assos
1555 3059 1615 3119 aut
1653 3044 1879 3130 Assone,
1919 3065 2007 3143 qua-

609 3177 696 3242 tuor
729 3179 851 3240 autem
878 3161 1072 3243 Dnsrus
1108 3159 1352 3238 colomannus
1380 3161 1577 3260 usquead
1609 3183 1772 3261 pugnarn
1808 3152 1964 3236 Arbellae
1987 3145 2002 3248 ‘,

517 3267 522 3286 '
615 3279 687 3382 quir
720 3273 906 3384 Perstcum
922 3279 1124 3380 imperium
1153 3279 1199 3354 ad
1229 3273 1380 3356 Graecos
1408 3277 1617 3355 translatum
1655 3277 1722 3354 fuit
1747 3279 1806 3354 die
1843 3275 2003 3352 secundo

612 3395 743 3475 meniis
773 3390 958 3486 Ollobrr's,
987 3407 1084 3474 anrio
1111 3395 1149 3473 N
1158 3415 1479 3485 nnorrnssnut
1510 3391 1831 3495 quatercentefimo
1856 3393 2003 3471 decimo

610 3513 793 3615 septim03
829 3529 865 3592 at
893 3515 1035 3618 aliquot
1068 3513 1249 3592 menibus
1286 3512 1390 3614 supra
1417 3536 1554 3590 annum
1582 3535 1695 3591 unum
1720 3513 1764 3590 ab
1802 3509 1842 3590 ed
1880 3507 2007 3615 pugni

611 3629 651 3712 D
665 3658 689 3711 r
702 3659 726 3712 s
739 3659 752 3709 1
767 3657 824 3710 us
851 3632 921 3708 fuit
951 3635 1201 3710 obtruncatus.

562 3839 568 3854 .
686 3749 867 3830 Haoenus
902 3753 1005 3848 juxta
1047 3741 1191 3825 Graecos
1230 3737 1457 3848 Latinisque
1497 3745 1697 3848 Scriptores
1721 3747 1828 3848 hujus
1861 3747 2010 3849 Imperii

553 3884 554 3892 ‘
612 3885 780 3970 tempora
809 3867 969 3966 digeffi3
999 3867 1301 3970 quandoquidem
1330 3857 1453 3942 Judaei
1477 3866 1565 3943 nihil
1594 3881 1731 3944 norunt
1762 3865 1807 3942 de
1838 3865 2007 3966 Imperiis

614 3981 834 4090 Babylonico
862 3987 898 4060 &
924 3975 1257 4089 Medo-Perfico‚
1289 3981 1353 4059 nifi
1379 4007 1458 4085 qoae
1494 3985 1530 4059 in
1572 3983 1685 4062 Sacris
1713 3981 1854 4061 Veteris
1889 3981 2009 4060 'rena-

613 4109 727 4182 menti
752 4101 870 4180 Libris
907 4104 1116 4203 leguntur;
1150 4105 1186 4179 de
1222 4103 1362 4179 idcirco
1399 4125 1518 4200 neque
1548 4101 1670 4201 plures
1696 4097 1850 4202 Reges,
1892 4121 2009 4200 neque

612 4223 733 4322 plures
765 4219 909 4320 Regum
936 4245 1076 4310 annos,
1110 4219 1220 4322 quam
1248 4243 1341 4318 quos
1364 4220 1531 4326 invenire
1554 4217 1700 4318 poliunt
1727 4220 1764 4295 in
1792 4209 1914 4295 [ibris
1944 4215 2012 4293 hil·

614 4363 680 4425 ce,
709 4339 892 4435 recipiunt
912 4361 920 4410 :
939 4340 1037 4418 solos
1052 4336 1239 4416 recensent
1258 4335 1379 4435 Reges
1402 4332 1507 4412 Nnu
1522 4355 1691 4412 ucnoo
1706 4359 1729 4412 o
1743 4359 2005 4422 uosonum,

615 4449 1150 4542 Evrrmsnonncnun,
1181 4453 1634 4540 Bononiensem,
1672 4449 1883 4533 Densum
1911 4442 2009 4528 Me.

612 4569 725 4662 dum,
763 4571 944 4652 Cusum
972 4575 1325 4664 „Assuenunm
1362 4571 1400 4647 dc
1427 4567 1655 4649 utnon
1692 4561 1862 4682 Persam
1890 4569 1927 4646 ἃ
1964 4571 2009 4648 iis

507 4680 510 4688 ’
1862 4685 2003 4791 postre-
