4456 5800
227 368 233 380 ’
378 357 882 487 ennononrsrnrr.
917 359 1083 480 nucu
1115 363 1463 459 nuruum.
1569 389 1649 473 167

253 521 354 607 *lium
376 527 530 604 ducenta
556 515 769 608 Judaerrum
801 533 839 610 δι
870 521 1153 611 cantianorum
1187 502 1299 618 millia
1327 537 1517 617 advocarit
1540 560 1552 630 3
1582 557 1649 624 ac,
1668 549 1712 615 De
1739 547 1834 626 tmpe-

258 644 367 726 Duce
400 642 560 746 quodam
597 652 632 724 Ο
650 681 665 732 s
680 676 771 728 ras
787 673 801 727 1
816 673 837 726 r
852 675 880 728 ra
894 677 944 738 o,
978 639 1154 758 AEgyptio
1169 653 1364 735 Sacerdote
1380 714 1390 745 ,
1415 677 1527 760 quern
1553 651 1597 734 M
1611 677 1651 730 n·
1665 628 1831 780 ξξὲῐέξξΥΡ·

245 771 1653 866 vniranorocatUsonrnounnr,OsorrcrrouurmOson·
1776 757 1784 776 ’

261 911 359 966 crro
377 905 500 970 nura,
531 887 879 963 &Hancurara
904 873 1146 993 AEgpptiurr,
1177 893 1301 990 coegit
1327 885 1535 994 AEthiopas,
1556 909 1648 988 qnos

259 1019 348 1083 tunc
378 1008 453 1081 Mn
472 1024 625 1080 nuon
657 1002 806 1100 regebat
831 1059 842 1091 ,
866 1000 937 1078 sese
965 1006 1126 1110 recipere
1155 997 1368 1114 lisempbi:
1410 1018 1519 1108 atque
1561 1017 1650 1084 tunc
1704 991 1705 996 Ν

259 1130 500 1204 Memnon
538 1123 578 1196 in
613 1141 752 1197 novum
783 1118 926 1198 alveum
954 1113 1094 1200 Nr'lm
1131 1124 1328 1214 derivavit,
1365 1137 1518 1224 pontem
1544 1121 1649 1222 super

260 1265 343 1319 eum
371 1237 521 1316 fluvium
544 1237 744 1315 construxit
771 1238 809 1314 δι
838 1239 1023 1328 munivit,
1050 1237 1250 1320 ac‘deinde
1282 1246 1322 1318 in
1347 1238 1569 1348 AEthiopiam
1594 1263 1650 1320 re-

258 1357 375 1436 versus
413 1357 495 1452 est:
529 1355 589 1431 sed
628 1355 805 1432 tredecim
836 1361 937 1433 annis
974 1350 1055 1457 post
1088 1359 1167 1458 ipse
1198 1361 1236 1437 rt
1267 1359 1648 1438 fiiiusRanrassnr

259 1477 377 1555 adhuc
406 1476 661 1572 juveniacum
693 1469 864 1550 Exercitu
902 1497 949 1550 ex
974 1465 1165 1582 AEthiopiri
1194 1491 1401 1568 venerunt,
1437 1472 1650 1550 inferiorem

270 1593 477 1699 sigyptum
503 1589 761 1686 submiserunt,
798 1591 841 1666 &⁴
861 1580 1002 1667 Judaeos
1029 1610 1141 1696 atque
1172 1589 1365 1673 Pboenr'cr'os
1390 1589 1611 1692 pepulerunt
1634 1611 1646 1679 3

258 1713 362 1817 quod
393 1709 530 1786 facinus
564 1697 736 1813 AEgyprii
766 1705 997 1808 Scriptores,
1027 1711 1064 1786 &
1092 1715 1156 1813 qui
1184 1711 1266 1792 illos
1297 1711 1409 1790 secuti
1441 1706 1558 1798 sunt,
1594 1706 1649 1783 di-

239 1839 349 1909 'cunt
380 1827 574 1906 secundam
601 1823 784 1903 Pastorum
806 1823 1082 1930 expulsionem,
1105 1828 1143 1906 &
1165 1837 1201 1908 Ο
1218 1859 1233 1912 s
1250 1856 1314 1910 nn
1330 1857 1346 1908 s
1360 1855 1374 1910 1
1387 1853 1442 1908 rn
1455 1852 1481 1904 u
1495 1849 1527 1902 rr
1545 1821 1647 1903 striise

255 1947 303 2028 M
319 1968 456 2026 osum
485 1943 603 2044 ipsum
636 1943 859 2021 arbitrantur.

345 2060 632 2141 Formofiismrus
669 2063 809 2158 Juvenis
852 2059 1157 2153 Trrnonus,
1190 2063 1297 2141 frater
1328 2061 1522 2140 Pulnnrr
1559 2075 1648 2137 natu

256 2185 407 2279 major,
437 2182 474 2255 in
501 2175 728 2281 aetiopiam
754 2181 820 2254 ivit
846 2178 1017 2257 adduiius
1045 2205 1130 2257 cum
1164 2181 1326 2278 pluribus
1351 2181 1426 2256 aliis
1451 2179 1598 2279 captivis
1627 2175 1648 2254 a

260 2309 510 2381 sesosrnr
531 2322 542 2392 ;
567 2297 604 2372 ἃ
627 2287 750 2371 Graeci
783 2307 866 2372 ante
900 2303 1192 2376 Hnsronunr
1216 2297 1401 2374 finxerunt
1426 2302 1648 2376 Memno·

262 2441 286 2495 n
338 2445 370 2496 m
396 2418 502 2515 hujus
531 2413 646 2492 filium
674 2408 810 2490 fuisse.-
843 2418 1014 2514 quocirca
1049 2412 1312 2503 Marianon,
1346 2416 1447 2512 juxta
1480 2401 1668 2491 veterum'

261 2443 395 2616 [oerum
431 2530 643 2612 Graecorum
677 2529 932 2628 sententiam,
970 2529 1041 2610 uni
1067 2529 1314 2609 Generatione
1345 2535 1427 2633 post
1450 2537 1647 2608 Trauo-

262 2678 368 2733 num
392 2653 536 2740 floruit,
560 2653 596 2728 δι
626 2662 730 2725 natus
754 2663 827 2725 erat
853 2649 1043 2752 postquam
1077 2648 1351 2730 Snsosrnrs
1378 2653 1419 2726 in
1442 2639 1647 2757 AEgpptum
1717 2653 1719 2660 ’

261 2770 432 2873 regressus
463 2771 600 2856 fuerat,
632 2781 747 2868 puta,
776 2764 960 2844 sexdecim
995 2765 1064 2842 five
1095 2771 1225 2866 viginti
1258 2757 1360 2846 annis
1389 2770 1472 2869 post
1493 2768 1676 2850 Suco«,

167 2931 170 2938 ·
261 2909 427 2970 nrouls
451 2889 649 2965 interitum.
712 2881 840 2962 Dictus
875 2883 945 2960 fuit
973 2883 1107 2962 diutius
1138 2884 1285 2980 vixisse3
1310 2901 1535 2989 quapropter
1568 2885 1647 2962 fieri

259 3011 402 3112 potest,
436 3020 477 3086 ut
503 3004 636 3083 obierit
659 3004 858 3102 nonaginta
881 3005 1043 3104 quinque
1066 3002 1147 3102 post
1175 3002 1484 3082 Snnonronarn
1514 3006 1646 3082 annis:

260 3127 369 3226 huJus
400 3139 515 3203 mater
540 3182 551 3213 ,
584 3144 693 3223 quarn
729 3127 794 3200 AEs
811 3145 899 3198 cur
915 3146 1001 3200 nus
1032 3129 1084 3200 Cr
1100 3150 1116 3200 s
1133 3149 1148 3200 s
1164 3147 1178 3198 1
1194 3147 1262 3200 nu
1292 3124 1486 3224 appellat,
1516 3135 1646 3199 vocata

256 3247 331 3324 fnit
359 3248 450 3342 (v),
475 3247 515 3319 in
544 3239 654 3318 statui
677 3242 711 3314 ei
737 3235 849 3337 politi
881 3236 919 3314 in
946 3237 1134 3348 AEgypto,
1161 3239 1232 3316 filia
1255 3291 1267 3336 ‚
1291 3235 1387 3318 uuor
1414 3300 1425 3332 ,
1463 3243 1501 3316 δι
1531 3251 1646 3315 mater

254 3362 435 3462 Regum3
460 3363 573 3460 igitur
598 3355 818 3433 Marianon
855 3345 924 3432 soit
953 3356 1063 3458 Regis
1092 3357 1216 3454 iilius3
1251 3357 1348 3435 unde
1378 3353 1566 3458 probabile
1597 3355 1649 3432 est

253 3481 473 3567 Znanrr,
504 3480 543 3553 in
569 3477 670 3574 cujus
705 3475 833 3552 locum
855 3468 989 3574 Regno
1025 3463 1217 3583 AEthiopiae
1244 3475 1440 3568 succeffit,
1472 3476 1557 3572 *ejus
1586 3497 1653 3573 pa-¹

183 3680 185 3689 ,
251 3615 354 3681 trem
381 3587 493 3673 fuiss'e.
1580 3621 1583 3628 Δ

349 3714 536 3794 Convenit
577 3705 671 3785 inter
710 3704 912 3788 Historicos
953 3713 1045 3809 (or)
1079 3715 1337 3794 Marem
1367 3711 1490 3789 statim·
1518 3708 1537 3789 i
1564 3713 1646 3792 Diis

248 3823 421 3940 AEgppti
452 3829 594 3928 Regem
619 3821 743 3921 fuisse,
772 3827 926 3905 fluvium
952 3833 989 3905 in
1022 3853 1163 3908 novum
1188 3830 1330 3908 alveum
1359 3827 1543 3908 deduxisse
1572 3889 1582 3920 ,
1611 3833 1644 3907 ei

250 3967 415 4058 pontem
440 3941 672 4048 imposuisse,
697 3933 910 4052 Menrbim
936 3946 1156 4036 condidisse,
1187 3949 1224 4024 δι
1248 3947 1498 4047 sumptuosum
1520 3947 1646 4026 Vun-

252 4091 396 4151 cnno
425 4063 624 4162 Templum
654 4057 883 4142 aedificavisse.
947 4063 1080 4174 Statuit
1108 4055 1319 4170 Memphim
1346 4063 1646 4165 tconspettulo.

251 4191 298 4267 ci
325 4184 441 4274 illius,
467 4183 532 4258 Ubi
563 4200 664 4258 nunc
686 4177 736 4254 est
766 4183 874 4282 urbs,
910 4202 1020 4282 quam
1053 4181 1167 4284 vulgo
1194 4205 1364 4287 magnum
1400 4175 1555 4263 Canum
1593 4183 1647 4258 di-

780 4309 783 4316 '
1533 4314 1643 4388 cunt,
1891 4305 1916 4348 ⁶
