4456 5800
625 407 707 478 rao
821 377 826 390 ’
962 372 1454 466 OPUSCUL'UM
1512 366 1719 472 XXIII.

428 533 533 600 ΕΗ·
555 533 579 600 1·
617 539 768 630 Amicos
797 535 905 636 patris
946 527 999 609 sui
1042 532 1261 614 devicerunt.
1313 529 1465 620 Curetes
1491 535 1585 626 (m)
1617 557 1816 640 puerorum
1841 543 2013 645 sanguine

620 648 2015 750 Sarranumplacabant‚&,secunddmBoeuanrum(n),eranr

621 783 731 869 gente
749 767 929 879 Philislaei:
951 789 1013 863 Eu
1025 802 1126 861 san-1
1138 804 1164 856 u
1176 805 1192 856 s
1205 794 1326 858 autem
1342 779 1391 852 ait
1403 766 1551 854 Cretam
1562 803 1699 858 nomen
1714 778 1849 859 duxille
1864 779 1884 858 a
1899 787 2015 860 Cau-

624 911 679 964 an
713 876 894 970 Curetum
924 923 1021 990 uno,
1057 899 1121 1000 qui
1146 893 1320 997 Jovnu
1355 894 1476 972 aluit:
1495 894 1588 987 led,
1617 921 1842 1001 quaecunque
1864 899 2015 980 demum

623 1007 732 1086 luerit
758 1013 864 1110 hujus
890 1019 1017 1100 Insula
1043 1017 1172 1114 orig0,
1199 1038 1239 1092 ea
1274 1010 1418 1091 videtur
1442 1013 1539 1094 culta
1568 1011 1598 1094 a*
1620 1015 1814 1108 Coloniis,
1846 1041 1926 1118 quae
1941 1076 1952 1106 ‚
1969 1017 2015 1096 ad

624 1136 859 1211 Asreu'ru
879 1157 910 1212 m
940 1139 978 1214 &
1008 1143 1223 1216 Mruoem
1248 1132 1371 1232 usque,
1399 1128 1549 1210 diversis¹
1567 1135 1700 1236 linguis
1714 1136 1784 1215 usae
1815 1137 1924 1224 lunt,
1954 1159 2017 1214 an·

625 1261 663 1326 te
699 1275 792 1350 quos
823 1253 963 1334 duabus
988 1225 1245 1334 tantummbdo
1271 1265 1333 1328 aut
1367 1250 1482 1328 tribus
1510 1251 1816 1334 Generationibus
1840 1254 1928 1330 illuc
1955 1279 2016 1356 ap-

625 1366 754 1470 pulille
779 1369 945 1472 pollunt3
969 1373 1030 1450 sed
1056 1397 1135 1450 non
1162 1387 1292 1458 antea,
1317 1369 1618 1473 quandoquidem
1643 1374 1811 1452 nondum
1838 1371 1898 1448 illa
1931 1370 2013 1454 Ma·

627 1487 679 1564 ria
703 1491 856 1566 navibus
885 1504 986 1568 erant
1008 1491 1240 1592 frequentata.
1941 1499 1944 1504 ’

713 1603 804 1682 Non
835 1609 952 1686 multo
984 1607 1085 1711 prids
1109 1603 1284 1685 Phanion·
1317 1604 1477 1718 Cyprum
1508 1603 1663 1685 Insulam
1694 1607 1904 1687 detexerant
1934 1635 1943 1685 :
1972 1608 2015 1686 sr-

631 1723 781 1830 quidem
811 1721 1254 1810 Enasrosrununs
1285 1719 1360 1810 (a)
1381 1727 1517 1816 docet,
1546 1721 1647 1828 qudd
1670 1720 1848 1848 princepid
1876 1727 2017 1828 Cyprus

630 1835 718 1920 adeo*
755 1840 953 1923 nemoribus
1001 1837 1153 1923 obdaua
1189 1833 1316 1949 fuit,
1353 1857 1398 1918 ut
1430 1839 1617 1924 catinulo
1666 1836 1743 1920 abio
1765 1833 1906 1953 poffit,
1939 1869 2016 1952 qua

623 1959 788 2069 primurn
810 1960 1051 2063 ceciderunt,
1081 1978 1127 2040 ut
1156 1987 1201 2038 as
1220 1951 1276 2048 dr
1297 1975 1490 2063 argentum
1521 1858 1806 2067 liqurydcaent,
1844 1952 1895 2048 dr
1919 1960 2014 2040 dein-

630 2075 709 2166 de,
746 2068 829 2154 edm
858 2066 939 2156 tuti
965 2079 1276 2158 Mediterraneum
1309 2075 1413 2156 Mare
1450 2080 1632 2182 navigare
1658 2068 1868 2188 sufflant,
1901 2080 2010 2168 idest,

628 2193 790 2274 latinis
825 2187 979 2294 Trojano
1007 2197 1130 2285 bello,
1155 2211 1201 2274 ut
1231 2219 1345 2271 naves
1382 2185 1432 2282 ὁ»
1464 2186 1583 2304 clerffes
1620 2210 1725 2274 tatas
1768 2188 2017 2302 conficerent:

623 2301 873 2422 perspicientes
900 2329 1025 2391 autem
1057 2339 1101 2392 ne
1122 2305 1183 2419 fic
1206 2312 1351 2418 quidem
1380 2337 1521 2390 nemora
1551 2305 1687 2419 destrui
1712 2303 1844 2422 ροβε,
1876 2318 2015 2424 copiam

627 2427 762 2534 cuique
772 2418 954 2534 ficerunt
979 2429 1133 2509 cadendi
1160 2443 1341 2535 quantum
1373 2429 1524 2508 nemoris
1558 2427 1687 2508 liberet
1716 2425 1766 2520 dr
1786 2423 1864 2535 fibi
1889 2430 2014 2510 vindi-

629 2547 738 2627 candi
749 2536 870 2651 solum
897 2547 1014 2638 illud,
1040 2546 1136 2653 quod
1157 2548 1214 2624 ita
1226 2535 1366 2654 fiuffet
1392 2541 1587 2624 arboribus
1608 2539 1821 2654 spoliatum.
1880 2551 2013 2655 Neque

629 2661 751 2741 mimis
785 2656 937 2775 Europa
971 2669 1153 2768 principio
1189 2662 1282 2742 silvis
1318 2664 1555 2753 abundabat,
1594 2690 1747 2766 quarum
1789 2665 1891 2755 und,
1931 2692 2010 2769 que

630 2773 825 2885 Hercynia
852 2785 1171 2883 nuncupabatur,
1211 2805 1343 2881 magna
1381 2774 1587 2858 Germania
1613 2808 1695 2883 pars
1731 2783 2009 2884 occupabatur,
2043 2867 2049 2881 ‚

629 2899 807 3004 siquidem
843 2897 992 3002 Jun11
1022 2898 1252 2979 Casinas
1279 2899 1503 2998 temporibus
1536 2902 1573 2976 in
1608 2901 1721 2978 latum
1756 2901 1905 3002 patebat
1931 2915 2012 2981 toto

630 3041 766 3097 novem
796 3019 939 3098 dierum
977 3022 1137 3108 itinere,
1173 3020 1211 3095 &
1248 3016 1481 3119 quadraginta
1512 3019 1726 3119 &amplius
1761 3018 2010 3121 iu‘longum:

545 3117 551 3130 ’
629 3149 790 3214 attamen
817 3127 987 3243 Europa
1007 3159 1155 3214 nemora
1186 3135 1321 3213 caedere
1347 3149 1534 3235 coeperant
1563 3133 1775 3214 hominibus
1799 3137 1926 3215 locum
1940 3140 2012 3216 fac-

631 3257 732 3362 turi,
768 3278 815 3330 ex
849 3275 925 3356 quo
951 3254 1065 3364 ferrea
1096 3253 1352 3342 instrumenta,
1382 3255 1527 3331 vivente
1550 3252 1815 3345 Asanam,
1848 3254 2013 3360 usurpata

632 3367 724 3448 lunt.

692 3485 830 3567 Omnia
860 3485 937 3566 haec
976 3485 1228 3586 luntvestigia
1256 3486 1421 3586 priorum
1462 3483 1726 3591 Coloniarum,
1757 3517 1836 3594 quae
1864 3492 2012 3570 navibus

630 3603 671 3680 in
699 3597 887 3710 Europam
917 3602 1060 3709 ejusque
1087 3606 1220 3685 Insulas
1255 3605 1505 3703 appulerunt:
1539 3595 1692 3713 Europa
1732 3612 1876 3688 videtur
1910 3623 2013 3688 autea

628 3746 759 3825 parum
783 3723 938 3801 habitata
968 3723 990 3800 a
1019 3715 1163 3827 Scythis
1186 3720 1423 3823 Jaeuerr
1452 3719 1628 3820 posteris,
1658 3731 1720 3826 qui
1749 3723 1769 3808 ὲ
1797 3729 2012 3829 septentrio·

628 3839 771 3918 nalibus
804 3833 912 3918 Ponti
948 3833 1100 3922 Euxini
1133 3839 1315 3916 littoribus
1344 3853 1545 3928 venerant,
1582 3863 1697 3920 errare
1722 3844 1855 3934 soliti,
1894 3847 2016 3922 domi-

548 3965 564 3990 ⁴
627 3955 696 4034 bus
726 3971 917 4056 carentes,
951 3957 1022 4036 lese
1045 3959 1088 4035 ab
1113 3957 1287 4034 imbribus
1316 3957 1352 4032 &
1386 3955 1539 4051 belluis,
1569 3961 1791 4058 virgultis&
1819 3964 2012 4060 cavernis,

629 4070 887 4154 defendentes:
915 4076 1023 4176 hujus
1049 4083 1191 4174 generis
1228 4073 1376 4152 luerunt
1400 4085 1500 4153 antra
1528 4067 1600 4156 Idae
1622 4081 1782 4172 montis,
1813 4083 1851 4157 in
1880 4081 2016 4181 quibus

1841 4195 2014 4279 Mruos

708 4371 782 4450 (m)
801 4371 870 4433 lller
896 4369 972 4450 apud
992 4367 1130 4448 Porphyr.
1148 4367 1214 4432 abit.
1232 4367 1252 4431 l.
1269 4384 1314 4434 aa
1329 4369 1398 4438 seit.
1416 4380 1466 4452 56.

715 4458 781 4530 (rel
801 4451 923 4514 Bochart
941 4451 1096 4513 Canaan.l
1126 4473 1155 4514 1.
1178 4468 1205 4511 c.
1228 4467 1275 4524 ις.
1582 4479 1586 4487 ·

715 4539 780 4618 (a)
804 4534 895 4614 apud.
924 4532 1016 4599 strab.
1036 4534 1056 4595 1.
1077 4549 1124 4611 14.
1146 4551 1176 4611 p.
1199 4538 1275 4607 634.
