4524 5804
1186 233 1209 282 l.

642 407 726 484 ‚04
964 363 1535 455 ceurennum
1594 363 1784 454 rrrsr.

639 554 765 640 genter
795 536 999 615 cavendum
1027 538 1078 613 est
1107 560 1153 614 ne
1182 527 1424 612 Romanorum
1453 521 1699 608 Graerorimve
1723 527 1838 610 Passus
1860 528 2034 628 intelliga-
2121 581 2122 588 κ
2208 499 2209 574 3

638 683 749 749 mus3
781 655 954 756 siquidem
983 657 1023 730 in
1052 647 1219 730 Sebbolch
1248 643 1416 730 Lechetb.
1452 641 1577 726 Trebi.
1604 670 1671 726 22.
1699 641 1789 754 Cap.
1820 645 1869 724 de-
1890 639 2030 724 Sabbas.

581 795 584 808 ·
637 775 678 852 lei
707 771 823 852 Passus
847 777 896 850 ita
918 761 1197 850 describuntur:
1231 769 1428 848 Snnruer.
1450 785 1517 872 per
1543 763 1673 845 eadm
1692 769 1761 844 iter
1777 758 1893 866 ficit,
1924 773 2033 871 nq'qroe

637 883 784 970 sabbati
813 887 946 966 limites
969 892 1153 993 cognovit.
1214 882 1289 964 lter
1317 877 1464 964 Sabbata·
1491 876 1598 960 babet
1626 880 1693 960 duo
1724 881 1835 958 misia
1863 875 2033 982 Paffltum

637 1005 844 1084 mediarum.
906 1007 1098 1108 Tanquam
1126 1003 1153 1082 sr
1183 1003 1353 1090 dixisset,
1386 1006 1453 1079 iter
1482 1001 1625 1080 Sabbati
1655 1001 1859 1079 extenditur
1885 998 1930 1076 ad
1957 999 2031 1078 due

631 1126 750 1202 'millia
781 1123 943 1225 passuum
972 1125 1130 1202 hominis
1159 1124 1227 1198 iter
1241 1151 1243 1158 ’
1256 1121 1420 1210 sabbato,
1441 1117 1624 1202 facientis,
1656 1141 1734 1196 non
1763 1117 1959 1206 celeriter,
1991 1129 2033 1196 ut

487 1243 495 1252 ’
637 1245 677 1320 in
705 1235 947 1328 Romanorum
976 1239 1152 1330 Patribus,
1185 1237 1245 1315 sed
1265 1262 1383 1340 neque
1409 1240 1516 1314 nimis
1543 1234 1662 1324 lente,
1696 1250 1731 1313 at
1753 1232 1961 1323 moderate,
1992 1247 2033 1312 ut

598 1359 752 1438 'facere
782 1359 896 1438 solent
926 1359 1010 1448 illi,
1043 1362 1107 1460 qui
1136 1357 1290 1436 Ssbbato
1319 1359 1538 1434 itInerantur.
1608 1353 1720 1454 Atqui
1750 1353 1865 1430 homo
1896 1354 2033 1430 statura
2081 1377 2083 1380 ’
2208 1465 2209 1478 .

638 1477 830 1554 mediocris
861 1476 1046 1555 ambulans
1075 1475 1148 1553 hoc
1167 1473 1295 1575 pasto,
1327 1497 1404 1550 eruo
1431 1470 1548 1571 gressu
1572 1471 1803 1572 progreditur
1825 1469 1905 1570 plus
1923 1469 2031 1571 quim

636 1593 750 1694 spatio
770 1595 929 1674 duorum
959 1587 1203 1671 Romanorum
1232 1588 1393 1677 Pedum,
1427 1590 1465 1666 δι
1496 1593 1615 1668 minut
1633 1587 1742 1690 quim
1764 1587 1924 1666 duorum
1947 1611 2031 1668 cum

635 1715 775 1798 triente.
837 1711 956 1812 Atque
982 1711 1040 1786 his
1069 1709 1242 1786 limitibus
1273 1707 1365 1784 sacer
1396 1705 1549 1785 Cubitus
1574 1704 1885 1784 circumscribitur.

653 1878 657 1912 ;
696 1829 865 1910 Scribunt
903 1819 1125 1925 Talmudssae
1149 1823 1309 1924 gradus,
1343 1825 1474 1924 quibus
1510 1823 1560 1899 ad·
1576 1823 1720 1902 Atrium
1744 1826 1891 1900 interius
1914 1821 2030 1899 asceu-

639 1946 809 2033 debatur‚
842 1945 932 2022 altos
953 1942 1052 2022 sitisse
1075 1943 1262 2020 dimidiato
1294 1939 1454 2028 Cubito,
1488 1940 1734 2018 &dimidiato
1761 1939 1896 2019 Cubito
1917 1943 2030 2016 intro·

638 2059 775 2143 cesl1sse.
836 2061 1054 2162 Loquuntur
1071 2061 1117 2137 de
1146 2060 1282 2139 Cubito
1304 2059 1402 2136 sacro
1420 2083 1435 2152 ,ς
1468 2059 1506 2134 dc
1525 2057 1689 2136 videmus
1714 2057 1923 2158 Josurrrr
1949 2056 2036 2157 sup-

636 2183 886 2283 putationem,
931 2178 1032 2280 quod
1064 2177 1195 2278 spectat
1226 2177 1272 2254 ad
1304 2175 1484 2275 graduum
1517 2175 1742 2254 altitudinem
1765 2199 1851 2252 cum
1882 2173 2030 2252 illorum

639 2311 816 2398 computo
837 2295 1044 2372 consentire.
1106 2293 1240 2382 Nunc,
1272 2295 1434 2394 praecipit
1467 2291 1634 2370 Vrruu
1647 2315 1762 2368 vrus
1784 2291 1914 2391 gradus
1941 2291 2029 2368 altos

522 2495 533 2508 ,
639 2411 806 2491 essenon
836 2413 966 2490 debere
993 2410 1180 2512 plusqulm
1206 2412 1337 2488 decern
1367 2405 1699 2498 romenellum,
1733 2434 1851 2512 neque
1874 2411 2030 2486 introce-

529 2613 544 2626 ,
636 2532 724 2610 dere
754 2534 872 2608 nunus
894 2529 1003 2630 quim
1025 2524 1147 2607 Uncir's
1172 2526 1423 2635 duodeviginti
1430 2554 1442 2624 3
1474 2527 1593 2615 unde,
1623 2530 1804 2628 quoniam,
1819 2519 1937 2614 Iudai
1967 2549 2028 2604 eos

637 2653 678 2725 in
704 2663 860 2748 utroque
886 2671 986 2746 pares
1017 2645 1181 2734 faciunt,
1217 2645 1418 2746 supponere
1446 2644 1530 2722 licet
1557 2645 1640 2720 illos
1670 2644 1826 2721 mediam
1850 2644 2029 2744 quandem

636 2767 917 2866 proportionem
950 2759 1179 2864 assumpsisse,
1212 2762 1505 2842 &altitudinem
1536 2760 1637 2862 aeque
1669 2785 1710 2839 ac
1739 2759 2028 2838 introceslionem

635 2881 738 2961 suisse
758 2881 978 2969 duodecim,
1010 2879 1092 2972 vel,
1114 2893 1157 2958 ut
1179 2878 1399 2980 plurimum,
1431 2879 1606 2957 tredecim
1629 2871 1874 2956 Romanarum
1897 2873 2025 2956 unca
2101 2874 2104 2883 ’

635 3025 719 3077 rum
736 3057 751 3088 ,
780 3001 930 3076 circiter.
991 2997 1174 3076 Numerus
1188 3001 1286 3076 enirn
1308 2996 1448 3074 medius
1465 3000 1557 3073 inter
1579 2996 1707 3074 decem
1726 2999 1766 3074 ἃ
1789 2997 2029 3096 duodevigin-

485 3130 489 3138 '
633 3117 742 3196 tiest
781 3138 827 3206 13
850 3111 916 3217 ἦ,
949 3130 1080 3218 preter
1113 3129 1272 3216 propter.
1333 3111 1378 3193 Et
1408 3113 1578 3215 proclivis
1609 3111 1715 3191 essem
1736 3116 1781 3191 ad
1808 3115 2029 3191 contenden-

639 3235 729 3312 dum
758 3233 888 3334 gradus
915 3233 982 3310 hos
1012 3232 1155 3309 altiores
1179 3235 1332 3310 omnino
1364 3257 1440 3308 non
1461 3229 1583 3319 fuisse,
1617 3255 1664 3308 ne
1689 3231 1845 3310 ascensus
1873 3227 2026 3330 difficilis

505 3355 510 3361 ’
635 3350 731 3430 esset.
792 3349 907 3448 Igitur
927 3349 1021 3427 sacer
1042 3348 1195 3429 Cubitus
1214 3353 1333 3426 nrinus
1355 3348 1507 3426 habebat
1526 3345 1634 3449 quim
1657 3351 1785 3448 viginti
1804 3349 1937 3450 septem
1952 3343 2024 3423 Un-

634 3474 711 3546 cias
736 3461 948 3556 Romanae,
981 3465 1040 3544 sed
1069 3489 1148 3551 non
1165 3461 1295 3544 'minus
1325 3463 1433 3566 quint
1463 3469 1778 3566 vigintiquatuor3
1810 3462 2026 3543 retrocessio·

636 3611 700 3666 nes
732 3601 852 3666 autern
881 3583 1060 3684 graduum
1088 3607 1166 3660 non
1193 3583 1393 3660 admodum
1421 3585 1578 3660 minores
1608 3587 1698 3682 poni
1728 3581 1880 3685 possunt
2044 3625 2051 3634 ·
2208 3609 2209 3618 ¹

698 3703 793 3784 Cirm
805 3707 877 3801 jam
900 3699 1052 3782 Cubitus
1066 3705 1157 3778 intra
1183 3715 1299 3778 certos
1323 3700 1452 3777 limites
1478 3699 1763 3801 circumscriptus
1792 3699 1856 3788 fit,
1876 3701 1916 3776 ec
1930 3723 2027 3777 erro-

636 3845 715 3900 neae
742 3821 896 3900 aliorum
920 3819 1145 3922 Scriptorum
1168 3821 1358 3918 opiniones
1388 3817 1461 3894 hoc
1487 3818 1589 3918 patio
1622 3819 1803 3906 refutatae,
1832 3815 2028 3896 accuratiirs
2094 3843 2100 3862 ··
2208 3813 2209 3842 ¹

638 3941 676 4017 δι
694 3935 861 4016 fidentius
881 3937 1028 4018 definire
1038 3932 1221 4040 possumus
1235 3947 1387 4038 quantus
1407 3935 1533 4024 suerit,
1551 3933 1652 4036 quod
1663 3935 1821 4040 sequenti
1838 3957 2029 4035 argumen-

498 4097 503 4110 Ι
635 4061 677 4136 to
701 4058 920 4134 conficietur.

700 4173 845 4252 Rationi
867 4175 1069 4252 consonum
1090 4171 1140 4248 est
1165 4170 1386 4272 supponere,
1419 4166 1520 4271 qudd
1540 4161 1652 4257 Iudai
1664 4225 1678 4266 ,
1704 4169 1724 4248 ὲ
1748 4163 2029 4272 Chaldaedegre·

638 4291 801 4380 dientes,
836 4295 874 4368 in
901 4285 1037 4398 &rrum
1060 4289 1180 4368 secum
1204 4288 1430 4366 adduxerunt
1452 4285 1650 4376 Cubitum,
1684 4303 1792 4389 quern
1819 4286 1839 4364 ὲ
1867 4289 2027 4369 Patribus
2140 4305 2142 4310 ·
2208 4289 2209 4298 '

638 4425 855 4510 acceperant.
920 4409 962 4488 Id
978 4407 1229 4495 confirmatur,
1260 4421 1342 4485 tum
1362 4401 1641 4483 dimensionibus
1672 4407 1771 4484 Arcae
1795 4405 2023 4492 Norcur,

639 4549 752 4630 quae,
795 4527 933 4610 Cubito
966 4529 1033 4606 isto
1058 4539 1222 4614 metata,
1254 4525 1445 4604 traditione
1484 4521 1623 4606 servatae
1651 4523 1827 4615 fuerunt,
1872 4539 2026 4714 turne?1

1926 4663 1999 4744 quo
