<?xml version="1.0" encoding="UTF-8"?>
<!DOCTYPE html PUBLIC "-//W3C//DTD XHTML 1.0 Transitional//EN"
    "http://www.w3.org/TR/xhtml1/DTD/xhtml1-transitional.dtd">
<html xmlns="http://www.w3.org/1999/xhtml" xml:lang="en" lang="en">
 <head>
  <title>
</title>
<meta http-equiv="Content-Type" content="text/html;charset=utf-8" />
  <meta name='ocr-system' content='tesseract 3.04.00' />
  <meta name='ocr-capabilities' content='ocr_page ocr_carea ocr_par ocr_line ocrx_word'/>
</head>
<body>
  <div class='ocr_page' id='page_1' title='image "./isaacinewtonieq00newtgoog_0367.png"; bbox 0 0 4500 5812; ppageno 0'>
   <div class='ocr_carea' id='block_1_1' title="bbox 412 289 1990 567">
    <p class='ocr_par' dir='ltr' id='par_1_1' title="bbox 412 289 1990 567">
     <span class='ocr_line' id='line_1_1' title="bbox 604 289 1692 398; baseline -0.004 -16"><span class='ocrx_word' id='word_1_1' title='bbox 604 323 687 398; x_wconf 82' lang='lat'><em>354</em></span> <span class='ocrx_word' id='word_1_2' title='bbox 804 289 1475 386; x_wconf 86' lang='lat' dir='ltr'><em>OPUSCULUM</em></span> <span class='ocrx_word' id='word_1_3' title='bbox 1523 289 1692 383; x_wconf 85' lang='lat' dir='ltr'><em>XXV.</em></span> 
     </span>
     <span class='ocr_line' id='line_1_2' title="bbox 412 443 1990 567; baseline -0.001 -32"><span class='ocrx_word' id='word_1_4' title='bbox 412 467 579 552; x_wconf 69' lang='lat' dir='ltr'><em>cmm</em></span> <span class='ocrx_word' id='word_1_5' title='bbox 601 454 772 559; x_wconf 75' lang='lat' dir='ltr'><em>&#39;exigente</em></span> <span class='ocrx_word' id='word_1_6' title='bbox 794 447 857 530; x_wconf 82' lang='lat' dir='ltr'><em>boe</em></span> <span class='ocrx_word' id='word_1_7' title='bbox 882 443 1022 532; x_wconf 81' lang='lat' dir='ltr'><em>dnobis</em></span> <span class='ocrx_word' id='word_1_8' title='bbox 1040 449 1230 552; x_wconf 90' lang='lat' dir='ltr'><em>Domino,</em></span> <span class='ocrx_word' id='word_1_9' title='bbox 1259 481 1325 562; x_wconf 83' lang='lat' dir='ltr'><em>qut</em></span> <span class='ocrx_word' id='word_1_10' title='bbox 1318 447 1458 566; x_wconf 72' lang='lat' dir='ltr'><em>&#39;espefi</em></span> <span class='ocrx_word' id='word_1_11' title='bbox 1416 447 1553 564; x_wconf 84' lang='lat' dir='ltr'><em>stolicae</em></span> <span class='ocrx_word' id='word_1_12' title='bbox 1583 455 1773 561; x_wconf 78' lang='lat' dir='ltr'><em>dignitatis</em></span> <span class='ocrx_word' id='word_1_13' title='bbox 1798 445 1990 567; x_wconf 82' lang='lat' dir='ltr'><em>bentiffimt</em></span> 
     </span>
    </p>
   </div>
   <div class='ocr_carea' id='block_1_2' title="bbox 410 564 2164 4092">
    <p class='ocr_par' dir='ltr' id='par_1_2' title="bbox 410 564 2164 4092">
     <span class='ocr_line' id='line_1_3' title="bbox 600 564 1991 682; baseline -0.001 -30"><span class='ocrx_word' id='word_1_14' title='bbox 600 564 761 682; x_wconf 75' lang='lat' dir='ltr'><em>Apefioso</em></span> <span class='ocrx_word' id='word_1_15' title='bbox 776 569 836 650; x_wconf 79' lang='lat' dir='ltr'><em>Pu</em></span> <span class='ocrx_word' id='word_1_16' title='bbox 850 597 949 651; x_wconf 76' lang='lat' dir='ltr'><em>eno</em></span> <span class='ocrx_word' id='word_1_17' title='bbox 966 574 1184 682; x_wconf 74' lang='lat' dir='ltr'><em>primatum,</em></span> <span class='ocrx_word' id='word_1_18' title='bbox 1190 565 1333 681; x_wconf 75' lang='lat' dir='ltr'><em>fldeis</em></span> <span class='ocrx_word' id='word_1_19' title='bbox 1394 576 1699 675; x_wconf 75' lang='lat' dir='ltr'><em>remuneratione,</em></span> <span class='ocrx_word' id='word_1_20' title='bbox 1714 573 1838 654; x_wconf 86' lang='lat' dir='ltr'><em>commi</em></span> <span class='ocrx_word' id='word_1_21' title='bbox 1852 590 1894 667; x_wconf 86' lang='lat' dir='ltr'><em>tt,</em></span> <span class='ocrx_word' id='word_1_22' title='bbox 1910 571 1991 654; x_wconf 85' lang='lat' dir='ltr'><em>uni·</em></span> 
     </span>
     <span class='ocr_line' id='line_1_4' title="bbox 600 599 1847 802; baseline -0.004 -30"><span class='ocrx_word' id='word_1_23' title='bbox 600 681 777 797; x_wconf 75' lang='lat' dir='ltr'><em>verstrsem</em></span> <span class='ocrx_word' id='word_1_24' title='bbox 793 683 1017 802; x_wconf 80' lang='lat' dir='ltr'><em>Eceiestnm‘</em></span> <span class='ocrx_word' id='word_1_25' title='bbox 1002 681 1318 800; x_wconf 83' lang='lat' dir='ltr'><em>tnfundnmenti</em></span> <span class='ocrx_word' id='word_1_26' title='bbox 1282 599 1616 800; x_wconf 48' lang='lat' dir='ltr'><em>iertsjisiditnte</em></span> <span class='ocrx_word' id='word_1_27' title='bbox 1626 684 1847 800; x_wconf 69' lang='lat' dir='ltr'><em>constituens.</em></span> 
     </span>
     <span class='ocr_line' id='line_1_5' title="bbox 410 801 1993 945; baseline -0.001 -57"><span class='ocrx_word' id='word_1_28' title='bbox 410 801 501 865; x_wconf 76' lang='lat' dir='ltr'><em>utre·</em></span> <span class='ocrx_word' id='word_1_29' title='bbox 480 822 535 865; x_wconf 71' lang='lat'><em>‘¹⁰¹</em></span> <span class='ocrx_word' id='word_1_30' title='bbox 660 807 764 888; x_wconf 86' lang='lat' dir='ltr'><em>Dum</em></span> <span class='ocrx_word' id='word_1_31' title='bbox 783 809 859 887; x_wconf 93' lang='lat' dir='ltr'><em>hoc</em></span> <span class='ocrx_word' id='word_1_32' title='bbox 875 812 1083 889; x_wconf 89' lang='lat' dir='ltr'><em>dominium</em></span> <span class='ocrx_word' id='word_1_33' title='bbox 1114 809 1395 892; x_wconf 82' lang='lat' dir='ltr'><em>Ecclesiasticum</em></span> <span class='ocrx_word' id='word_1_34' title='bbox 1418 811 1650 910; x_wconf 71' lang='lat' dir='ltr'><em>exsurgeret,</em></span> <span class='ocrx_word' id='word_1_35' title='bbox 1673 807 1880 890; x_wconf 73' lang='lat' dir='ltr'><em>Barbaraed</em></span> <span class='ocrx_word' id='word_1_36' title='bbox 1906 807 1993 945; x_wconf 83' lang='lat' dir='ltr'><em>Sep·</em></span> 
     </span>
     <span class='ocr_line' id='line_1_6' title="bbox 412 883 1994 1030; baseline -0.001 -23"><span class='ocrx_word' id='word_1_37' title='bbox 412 901 452 1026; x_wconf 57' lang='grc' dir='ltr'><em>ἕο</em></span> <span class='ocrx_word' id='word_1_38' title='bbox 433 883 540 1026; x_wconf 51' lang='grc' dir='ltr'>Ἥ</span> <span class='ocrx_word' id='word_1_39' title='bbox 603 930 798 1007; x_wconf 88' lang='lat' dir='ltr'><em>temtrione</em></span> <span class='ocrx_word' id='word_1_40' title='bbox 823 924 960 1006; x_wconf 85' lang='lat' dir='ltr'><em>Gentes</em></span> <span class='ocrx_word' id='word_1_41' title='bbox 993 927 1209 1009; x_wconf 82' lang='lat' dir='ltr'><em>Occidentis</em></span> <span class='ocrx_word' id='word_1_42' title='bbox 1229 929 1430 1030; x_wconf 85' lang='lat' dir='ltr'><em>Imperium</em></span> <span class='ocrx_word' id='word_1_43' title='bbox 1457 928 1682 1016; x_wconf 82' lang='lat' dir='ltr'><em>invaserunt,</em></span> <span class='ocrx_word' id='word_1_44' title='bbox 1705 931 1745 1004; x_wconf 91' lang='lat' dir='ltr'><em>in</em></span> <span class='ocrx_word' id='word_1_45' title='bbox 1765 923 1994 1029; x_wconf 82' lang='lat' dir='ltr'><em>edquevatie</em></span> 
     </span>
     <span class='ocr_line' id='line_1_7' title="bbox 413 1039 1995 1147; baseline -0.001 -23"><span class='ocrx_word' id='word_1_46' title='bbox 413 1045 570 1142; x_wconf 59' lang='lat' dir='ltr'><em>qmplifiea·</em></span> <span class='ocrx_word' id='word_1_47' title='bbox 605 1043 853 1126; x_wconf 87' lang='lat' dir='ltr'><em>cundiderunt</em></span> <span class='ocrx_word' id='word_1_48' title='bbox 871 1045 1017 1125; x_wconf 84' lang='lat' dir='ltr'><em>diversae</em></span> <span class='ocrx_word' id='word_1_49' title='bbox 1035 1045 1055 1124; x_wconf 75' lang='grc' dir='ltr'>ὲ</span> <span class='ocrx_word' id='word_1_50' title='bbox 1076 1039 1141 1125; x_wconf 90' lang='lat' dir='ltr'><em>Ro</em></span> <span class='ocrx_word' id='word_1_51' title='bbox 1142 1071 1246 1125; x_wconf 83' lang='lat' dir='ltr'><em>nanae</em></span> <span class='ocrx_word' id='word_1_52' title='bbox 1263 1045 1430 1126; x_wconf 80' lang='lat' dir='ltr'><em>Ecclestae</em></span> <span class='ocrx_word' id='word_1_53' title='bbox 1441 1047 1645 1147; x_wconf 79' lang='lat' dir='ltr'><em>Religionis</em></span> <span class='ocrx_word' id='word_1_54' title='bbox 1658 1043 1794 1146; x_wconf 88' lang='lat' dir='ltr'><em>Regna</em></span> <span class='ocrx_word' id='word_1_55' title='bbox 1827 1041 1916 1123; x_wconf 86' lang='lat' dir='ltr'><em>Haec</em></span> <span class='ocrx_word' id='word_1_56' title='bbox 1934 1061 1995 1132; x_wconf 79' lang='lat' dir='ltr'><em>ou-</em></span> 
     </span>
     <span class='ocr_line' id='line_1_8' title="bbox 416 1127 1996 1267; baseline -0.003 -22"><span class='ocrx_word' id='word_1_57' title='bbox 416 1127 469 1191; x_wconf 76' lang='lat'><em>&#39;⁰&#39;</em></span> <span class='ocrx_word' id='word_1_58' title='bbox 608 1180 684 1245; x_wconf 87' lang='lat' dir='ltr'><em>tem</em></span> <span class='ocrx_word' id='word_1_59' title='bbox 699 1163 924 1264; x_wconf 88' lang='lat' dir='ltr'><em>pedetentim</em></span> <span class='ocrx_word' id='word_1_60' title='bbox 938 1157 1135 1242; x_wconf 81' lang='lat' dir='ltr'><em>Romanam</em></span> <span class='ocrx_word' id='word_1_61' title='bbox 1152 1164 1384 1265; x_wconf 85' lang='lat' dir='ltr'><em>Religionem</em></span> <span class='ocrx_word' id='word_1_62' title='bbox 1398 1164 1563 1267; x_wconf 88' lang='lat' dir='ltr'><em>amplexa</em></span> <span class='ocrx_word' id='word_1_63' title='bbox 1585 1165 1676 1253; x_wconf 90' lang='lat' dir='ltr'><em>sunt,</em></span> <span class='ocrx_word' id='word_1_64' title='bbox 1697 1187 1739 1242; x_wconf 89' lang='lat' dir='ltr'><em>ac</em></span> <span class='ocrx_word' id='word_1_65' title='bbox 1754 1161 1857 1240; x_wconf 85' lang='lat' dir='ltr'><em>simul</em></span> <span class='ocrx_word' id='word_1_66' title='bbox 1877 1141 1996 1240; x_wconf 71' lang='lat' dir='ltr'><em>audo·</em></span> 
     </span>
     <span class='ocr_line' id='line_1_9' title="bbox 609 1271 1995 1381; baseline -0.004 -20"><span class='ocrx_word' id='word_1_67' title='bbox 609 1284 706 1361; x_wconf 81' lang='lat' dir='ltr'><em>nitati</em></span> <span class='ocrx_word' id='word_1_68' title='bbox 724 1278 828 1381; x_wconf 87' lang='lat' dir='ltr'><em>Papae</em></span> <span class='ocrx_word' id='word_1_69' title='bbox 856 1280 924 1358; x_wconf 90' lang='lat' dir='ltr'><em>sese</em></span> <span class='ocrx_word' id='word_1_70' title='bbox 943 1282 1188 1362; x_wconf 88' lang='lat' dir='ltr'><em>submiserunt.</em></span> <span class='ocrx_word' id='word_1_71' title='bbox 1234 1277 1371 1360; x_wconf 80' lang='lat' dir='ltr'><em>Franci</em></span> <span class='ocrx_word' id='word_1_72' title='bbox 1395 1287 1433 1360; x_wconf 88' lang='lat' dir='ltr'><em>in</em></span> <span class='ocrx_word' id='word_1_73' title='bbox 1451 1273 1578 1360; x_wconf 84' lang='lat' dir='ltr'><em>Gallid</em></span> <span class='ocrx_word' id='word_1_74' title='bbox 1601 1278 1648 1361; x_wconf 88' lang='lat' dir='ltr'><em>ed</em></span> <span class='ocrx_word' id='word_1_75' title='bbox 1672 1293 1848 1360; x_wconf 86' lang='lat' dir='ltr'><em>venerunt</em></span> <span class='ocrx_word' id='word_1_76' title='bbox 1868 1284 1907 1356; x_wconf 93' lang='lat' dir='ltr'><em>in</em></span> <span class='ocrx_word' id='word_1_77' title='bbox 1925 1271 1995 1357; x_wconf 85' lang='lat' dir='ltr'><em>fine</em></span> 
     </span>
     <span class='ocr_line' id='line_1_10' title="bbox 611 1391 1995 1506; baseline -0.004 -27"><span class='ocrx_word' id='word_1_78' title='bbox 611 1399 740 1479; x_wconf 80' lang='lat' dir='ltr'><em>Saeculi</em></span> <span class='ocrx_word' id='word_1_79' title='bbox 760 1402 900 1498; x_wconf 90' lang='lat' dir='ltr'><em>quinti,</em></span> <span class='ocrx_word' id='word_1_80' title='bbox 924 1395 1037 1478; x_wconf 81' lang='lat' dir='ltr'><em>Gothi</em></span> <span class='ocrx_word' id='word_1_81' title='bbox 1052 1405 1088 1477; x_wconf 91' lang='lat' dir='ltr'><em>in</em></span> <span class='ocrx_word' id='word_1_82' title='bbox 1107 1391 1292 1506; x_wconf 67' lang='lat' dir='ltr'><em>Hispanis</em></span> <span class='ocrx_word' id='word_1_83' title='bbox 1308 1405 1343 1478; x_wconf 88' lang='lat' dir='ltr'><em>in</em></span> <span class='ocrx_word' id='word_1_84' title='bbox 1365 1399 1436 1476; x_wconf 89' lang='lat' dir='ltr'><em>sine</em></span> <span class='ocrx_word' id='word_1_85' title='bbox 1457 1400 1557 1490; x_wconf 87' lang='lat' dir='ltr'><em>sexti,</em></span> <span class='ocrx_word' id='word_1_86' title='bbox 1573 1391 1802 1504; x_wconf 79' lang='lat' dir='ltr'><em>Langobardi</em></span> <span class='ocrx_word' id='word_1_87' title='bbox 1824 1414 1944 1476; x_wconf 84' lang='lat' dir='ltr'><em>autem</em></span> <span class='ocrx_word' id='word_1_88' title='bbox 1957 1400 1995 1474; x_wconf 88' lang='lat' dir='ltr'><em>in</em></span> 
     </span>
     <span class='ocr_line' id='line_1_11' title="bbox 613 1508 1992 1620; baseline -0.001 -26"><span class='ocrx_word' id='word_1_89' title='bbox 613 1508 729 1596; x_wconf 74' lang='lat' dir='ltr'><em>stetit</em></span> <span class='ocrx_word' id='word_1_90' title='bbox 743 1515 762 1592; x_wconf 75' lang='lat' dir='ltr'><em>a</em></span> <span class='ocrx_word' id='word_1_91' title='bbox 777 1516 876 1598; x_wconf 79' lang='lat' dir='ltr'><em>Can</em></span> <span class='ocrx_word' id='word_1_92' title='bbox 892 1543 916 1596; x_wconf 93' lang='grc' dir='ltr'>ο</span> <span class='ocrx_word' id='word_1_93' title='bbox 930 1543 951 1594; x_wconf 82' lang='grc' dir='ltr'><strong>ι</strong></span> <span class='ocrx_word' id='word_1_94' title='bbox 967 1543 990 1595; x_wconf 93' lang='lat' dir='ltr'><em>o</em></span> <span class='ocrx_word' id='word_1_95' title='bbox 1004 1517 1060 1596; x_wconf 85' lang='grc' dir='ltr'><em>Μ.</em></span> <span class='ocrx_word' id='word_1_96' title='bbox 1081 1518 1302 1596; x_wconf 76' lang='lat' dir='ltr'><em>suntdevidli</em></span> <span class='ocrx_word' id='word_1_97' title='bbox 1321 1518 1361 1596; x_wconf 90' lang='grc' dir='ltr'><em>Α.</em></span> <span class='ocrx_word' id='word_1_98' title='bbox 1385 1517 1425 1596; x_wconf 91' lang='lat' dir='ltr'><em>C.</em></span> <span class='ocrx_word' id='word_1_99' title='bbox 1451 1544 1545 1615; x_wconf 89' lang='lat'><strong>774.</strong></span> <span class='ocrx_word' id='word_1_100' title='bbox 1568 1519 1700 1606; x_wconf 83' lang='lat' dir='ltr'><em>Annis,</em></span> <span class='ocrx_word' id='word_1_101' title='bbox 1716 1521 1779 1620; x_wconf 91' lang='lat' dir='ltr'><em>qui</em></span> <span class='ocrx_word' id='word_1_102' title='bbox 1799 1519 1893 1593; x_wconf 92' lang='lat' dir='ltr'><em>iuter</em></span> <span class='ocrx_word' id='word_1_103' title='bbox 1912 1540 1992 1613; x_wconf 83' lang='lat'><em>775</em></span> 
     </span>
     <span class='ocr_line' id='line_1_12' title="bbox 615 1630 2060 1732; baseline -0.001 -20"><span class='ocrx_word' id='word_1_104' title='bbox 615 1639 652 1712; x_wconf 92' lang='lat'>&amp;</span> <span class='ocrx_word' id='word_1_105' title='bbox 678 1659 763 1732; x_wconf 87' lang='lat'><em>794</em></span> <span class='ocrx_word' id='word_1_106' title='bbox 784 1634 1198 1728; x_wconf 82' lang='lat' dir='ltr'><em>intercesserunt,jdem</em></span> <span class='ocrx_word' id='word_1_107' title='bbox 1222 1636 1512 1714; x_wconf 80' lang='lat' dir='ltr'><em>Caxouusin</em></span> <span class='ocrx_word' id='word_1_108' title='bbox 1530 1659 1679 1713; x_wconf 88' lang='lat' dir='ltr'><em>omnem</em></span> <span class='ocrx_word' id='word_1_109' title='bbox 1706 1630 1997 1712; x_wconf 78' lang='lat' dir='ltr'><em>Germaniam&amp;</em></span> <span class='ocrx_word' id='word_1_110' title='bbox 2056 1673 2060 1686; x_wconf 94' lang='lat'><strong>·</strong></span> 
     </span>
     <span class='ocr_line' id='line_1_13' title="bbox 614 1745 1997 1854; baseline -0.004 -24"><span class='ocrx_word' id='word_1_111' title='bbox 614 1745 864 1854; x_wconf 84' lang='lat' dir='ltr'><em>Hungoriom,</em></span> <span class='ocrx_word' id='word_1_112' title='bbox 880 1751 924 1830; x_wconf 85' lang='lat' dir='ltr'><em>ad</em></span> <span class='ocrx_word' id='word_1_113' title='bbox 944 1752 1078 1832; x_wconf 90' lang='lat' dir='ltr'><em>flumen</em></span> <span class='ocrx_word' id='word_1_114' title='bbox 1100 1753 1210 1854; x_wconf 88' lang='lat' dir='ltr'><em>usque</em></span> <span class='ocrx_word' id='word_1_115' title='bbox 1225 1750 1369 1830; x_wconf 79' lang='lat' dir='ltr'><em>Tibefin</em></span> <span class='ocrx_word' id='word_1_116' title='bbox 1386 1755 1422 1828; x_wconf 66' lang='grc' dir='ltr'>ἃ</span> <span class='ocrx_word' id='word_1_117' title='bbox 1435 1777 1530 1830; x_wconf 89' lang='lat' dir='ltr'><em>mare</em></span> <span class='ocrx_word' id='word_1_118' title='bbox 1545 1753 1736 1840; x_wconf 89' lang='lat' dir='ltr'><em>Balticum,</em></span> <span class='ocrx_word' id='word_1_119' title='bbox 1751 1751 1997 1829; x_wconf 66' lang='lat' dir='ltr'><em>auetoritatem</em></span> 
     </span>
     <span class='ocr_line' id='line_1_14' title="bbox 614 1867 1997 1972; baseline -0.002 -25"><span class='ocrx_word' id='word_1_120' title='bbox 614 1867 718 1968; x_wconf 87' lang='lat' dir='ltr'><em>Papae</em></span> <span class='ocrx_word' id='word_1_121' title='bbox 738 1869 924 1964; x_wconf 85' lang='lat' dir='ltr'><em>extendit3</em></span> <span class='ocrx_word' id='word_1_122' title='bbox 939 1871 1071 1947; x_wconf 89' lang='lat' dir='ltr'><em>eodem</em></span> <span class='ocrx_word' id='word_1_123' title='bbox 1097 1885 1264 1971; x_wconf 89' lang='lat' dir='ltr'><em>tempore</em></span> <span class='ocrx_word' id='word_1_124' title='bbox 1281 1871 1384 1948; x_wconf 92' lang='lat' dir='ltr'><em>illum</em></span> <span class='ocrx_word' id='word_1_125' title='bbox 1401 1869 1501 1972; x_wconf 89' lang='lat' dir='ltr'><em>supra</em></span> <span class='ocrx_word' id='word_1_126' title='bbox 1515 1895 1664 1947; x_wconf 89' lang='lat' dir='ltr'><em>omnem</em></span> <span class='ocrx_word' id='word_1_127' title='bbox 1681 1869 1874 1946; x_wconf 78' lang='lat' dir='ltr'><em>humanam</em></span> <span class='ocrx_word' id='word_1_128' title='bbox 1892 1867 1997 1968; x_wconf 86' lang='lat' dir='ltr'><em>juris-</em></span> 
     </span>
     <span class='ocr_line' id='line_1_15' title="bbox 615 1979 1998 2088; baseline -0.001 -25"><span class='ocrx_word' id='word_1_129' title='bbox 615 1985 812 2064; x_wconf 76' lang='lat' dir='ltr'><em>aimonem</em></span> <span class='ocrx_word' id='word_1_130' title='bbox 830 1990 968 2079; x_wconf 82' lang='lat' dir='ltr'><em>evexit,</em></span> <span class='ocrx_word' id='word_1_131' title='bbox 986 1984 1093 2088; x_wconf 83' lang='lat' dir='ltr'><em>eique</em></span> <span class='ocrx_word' id='word_1_132' title='bbox 1106 1990 1145 2062; x_wconf 91' lang='lat' dir='ltr'><em>in</em></span> <span class='ocrx_word' id='word_1_133' title='bbox 1158 1987 1364 2087; x_wconf 86' lang='lat' dir='ltr'><em>subigendis</em></span> <span class='ocrx_word' id='word_1_134' title='bbox 1385 1979 1548 2064; x_wconf 84' lang='lat' dir='ltr'><em>Romand</em></span> <span class='ocrx_word' id='word_1_135' title='bbox 1565 1989 1708 2065; x_wconf 87' lang='lat' dir='ltr'><em>civitate</em></span> <span class='ocrx_word' id='word_1_136' title='bbox 1724 1989 1760 2063; x_wconf 70' lang='grc' dir='ltr'>ἃ</span> <span class='ocrx_word' id='word_1_137' title='bbox 1773 1984 1921 2064; x_wconf 82' lang='lat' dir='ltr'><em>Ducatu</em></span> <span class='ocrx_word' id='word_1_138' title='bbox 1938 2009 1998 2063; x_wconf 88' lang='lat' dir='ltr'><em>au·</em></span> 
     </span>
     <span class='ocr_line' id='line_1_16' title="bbox 614 2097 2164 2204; baseline 0 -24"><span class='ocrx_word' id='word_1_139' title='bbox 614 2105 706 2180; x_wconf 87' lang='lat' dir='ltr'><em>xilio</em></span> <span class='ocrx_word' id='word_1_140' title='bbox 720 2103 797 2180; x_wconf 87' lang='lat' dir='ltr'><em>fuit.</em></span> <span class='ocrx_word' id='word_1_141' title='bbox 831 2102 1075 2183; x_wconf 80' lang='lat' dir='ltr'><em>Conuersione</em></span> <span class='ocrx_word' id='word_1_142' title='bbox 1094 2105 1222 2181; x_wconf 90' lang='lat' dir='ltr'><em>decem</em></span> <span class='ocrx_word' id='word_1_143' title='bbox 1236 2103 1450 2204; x_wconf 85' lang='lat' dir='ltr'><em>Regnorum</em></span> <span class='ocrx_word' id='word_1_144' title='bbox 1471 2106 1515 2181; x_wconf 90' lang='lat' dir='ltr'><em>ad</em></span> <span class='ocrx_word' id='word_1_145' title='bbox 1539 2103 1770 2204; x_wconf 87' lang='lat' dir='ltr'><em>Religionem</em></span> <span class='ocrx_word' id='word_1_146' title='bbox 1787 2097 1995 2194; x_wconf 77' lang='lat' dir='ltr'><em>Romanum,</em></span> <span class='ocrx_word' id='word_1_147' title='bbox 2158 2101 2164 2108; x_wconf 86' lang='grc'><strong>’</strong></span> 
     </span>
     <span class='ocr_line' id='line_1_17' title="bbox 615 2219 1999 2310; baseline -0.001 -10"><span class='ocrx_word' id='word_1_148' title='bbox 615 2225 654 2300; x_wconf 91' lang='lat' dir='ltr'><em>in</em></span> <span class='ocrx_word' id='word_1_149' title='bbox 666 2223 772 2300; x_wconf 87' lang='lat' dir='ltr'><em>rebus</em></span> <span class='ocrx_word' id='word_1_150' title='bbox 788 2221 1045 2300; x_wconf 89' lang='lat' dir='ltr'><em>tautummodo</em></span> <span class='ocrx_word' id='word_1_151' title='bbox 1066 2223 1167 2298; x_wconf 84' lang='lat' dir='ltr'><em>sacris</em></span> <span class='ocrx_word' id='word_1_152' title='bbox 1180 2219 1578 2300; x_wconf 76' lang='lat' dir='ltr'><em>auctumestPontificis</em></span> <span class='ocrx_word' id='word_1_153' title='bbox 1594 2223 1813 2310; x_wconf 90' lang='lat' dir='ltr'><em>dominium,</em></span> <span class='ocrx_word' id='word_1_154' title='bbox 1832 2223 1999 2300; x_wconf 89' lang='lat' dir='ltr'><em>nundum</em></span> 
     </span>
     <span class='ocr_line' id='line_1_18' title="bbox 615 2335 1998 2440; baseline 0 -24"><span class='ocrx_word' id='word_1_155' title='bbox 615 2335 703 2416; x_wconf 82' lang='lat' dir='ltr'><em>uerd</em></span> <span class='ocrx_word' id='word_1_156' title='bbox 718 2343 748 2416; x_wconf 86' lang='lat' dir='ltr'><em>is</em></span> <span class='ocrx_word' id='word_1_157' title='bbox 769 2353 811 2415; x_wconf 93' lang='lat' dir='ltr'><em>ut</em></span> <span class='ocrx_word' id='word_1_158' title='bbox 826 2361 944 2417; x_wconf 91' lang='lat' dir='ltr'><em>cornu</em></span> <span class='ocrx_word' id='word_1_159' title='bbox 958 2341 1075 2418; x_wconf 79' lang='lat' dir='ltr'><em>bestie</em></span> <span class='ocrx_word' id='word_1_160' title='bbox 1091 2339 1296 2417; x_wconf 82' lang='lat' dir='ltr'><em>exsurrexit.</em></span> <span class='ocrx_word' id='word_1_161' title='bbox 1341 2337 1648 2440; x_wconf 86' lang='lat' dir='ltr'><em>Dominioipfiua</em></span> <span class='ocrx_word' id='word_1_162' title='bbox 1669 2344 1705 2416; x_wconf 91' lang='lat' dir='ltr'><em>in</em></span> <span class='ocrx_word' id='word_1_163' title='bbox 1720 2341 1822 2417; x_wconf 83' lang='lat' dir='ltr'><em>rebus</em></span> <span class='ocrx_word' id='word_1_164' title='bbox 1842 2339 1998 2439; x_wconf 85' lang='lat' dir='ltr'><em>politicis</em></span> 
     </span>
     <span class='ocr_line' id='line_1_19' title="bbox 617 2455 1998 2560; baseline -0.003 -26"><span class='ocrx_word' id='word_1_165' title='bbox 617 2457 748 2534; x_wconf 74' lang='lat' dir='ltr'><em>snitum</em></span> <span class='ocrx_word' id='word_1_166' title='bbox 769 2470 811 2532; x_wconf 90' lang='lat' dir='ltr'><em>ut</em></span> <span class='ocrx_word' id='word_1_167' title='bbox 829 2480 942 2535; x_wconf 89' lang='lat' dir='ltr'><em>unum</em></span> <span class='ocrx_word' id='word_1_168' title='bbox 961 2481 1008 2534; x_wconf 85' lang='lat' dir='ltr'><em>ex</em></span> <span class='ocrx_word' id='word_1_169' title='bbox 1032 2459 1087 2534; x_wconf 92' lang='lat' dir='ltr'><em>his</em></span> <span class='ocrx_word' id='word_1_170' title='bbox 1113 2459 1285 2535; x_wconf 89' lang='lat' dir='ltr'><em>cornibus</em></span> <span class='ocrx_word' id='word_1_171' title='bbox 1308 2456 1466 2534; x_wconf 82' lang='lat' dir='ltr'><em>evaserit.</em></span> <span class='ocrx_word' id='word_1_172' title='bbox 1513 2458 1632 2560; x_wconf 86' lang='lat' dir='ltr'><em>Atque</em></span> <span class='ocrx_word' id='word_1_173' title='bbox 1663 2458 1736 2534; x_wconf 90' lang='lat' dir='ltr'><em>hoc</em></span> <span class='ocrx_word' id='word_1_174' title='bbox 1761 2457 1910 2557; x_wconf 90' lang='lat' dir='ltr'><em>quidem</em></span> <span class='ocrx_word' id='word_1_175' title='bbox 1939 2455 1998 2554; x_wconf 70' lang='lat' dir='ltr'><em>silai</em></span> 
     </span>
     <span class='ocr_line' id='line_1_20' title="bbox 615 2573 1999 2674; baseline -0.002 -22"><span class='ocrx_word' id='word_1_176' title='bbox 615 2575 842 2672; x_wconf 79' lang='lat' dir='ltr'><em>comparavit</em></span> <span class='ocrx_word' id='word_1_177' title='bbox 857 2574 974 2651; x_wconf 77' lang='lat' dir='ltr'><em>medii</em></span> <span class='ocrx_word' id='word_1_178' title='bbox 992 2577 1183 2674; x_wconf 91' lang='lat' dir='ltr'><em>posteriori</em></span> <span class='ocrx_word' id='word_1_179' title='bbox 1198 2591 1299 2674; x_wconf 90' lang='lat' dir='ltr'><em>parte</em></span> <span class='ocrx_word' id='word_1_180' title='bbox 1311 2573 1438 2652; x_wconf 86' lang='lat' dir='ltr'><em>Saeculi</em></span> <span class='ocrx_word' id='word_1_181' title='bbox 1460 2575 1590 2664; x_wconf 77' lang='lat' dir='ltr'><em>oslavi,</em></span> <span class='ocrx_word' id='word_1_182' title='bbox 1610 2580 1676 2652; x_wconf 87' lang='lat' dir='ltr'><em>tria</em></span> <span class='ocrx_word' id='word_1_183' title='bbox 1690 2574 1710 2653; x_wconf 84' lang='grc' dir='ltr'>ὲ</span> <span class='ocrx_word' id='word_1_184' title='bbox 1725 2575 1903 2673; x_wconf 84' lang='lat' dir='ltr'><em>prioribus</em></span> <span class='ocrx_word' id='word_1_185' title='bbox 1921 2597 1999 2650; x_wconf 87' lang='lat' dir='ltr'><em>cur·</em></span> 
     </span>
     <span class='ocr_line' id='line_1_21' title="bbox 455 2684 1998 2794; baseline -0.003 -25"><span class='ocrx_word' id='word_1_186' title='bbox 455 2718 463 2735; x_wconf 65' lang='lat'><strong>¹</strong></span> <span class='ocrx_word' id='word_1_187' title='bbox 618 2692 726 2769; x_wconf 85' lang='lat' dir='ltr'><em>nibus</em></span> <span class='ocrx_word' id='word_1_188' title='bbox 745 2690 966 2789; x_wconf 90' lang='lat' dir='ltr'><em>subigendo,</em></span> <span class='ocrx_word' id='word_1_189' title='bbox 996 2706 1036 2770; x_wconf 90' lang='lat' dir='ltr'><em>ut</em></span> <span class='ocrx_word' id='word_1_190' title='bbox 1055 2690 1157 2792; x_wconf 91' lang='lat' dir='ltr'><em>supra</em></span> <span class='ocrx_word' id='word_1_191' title='bbox 1185 2689 1320 2768; x_wconf 73' lang='lat' dir='ltr'><em>ditium</em></span> <span class='ocrx_word' id='word_1_192' title='bbox 1349 2684 1416 2794; x_wconf 82' lang='lat' dir='ltr'><em>(a.)</em></span> <span class='ocrx_word' id='word_1_193' title='bbox 1448 2689 1493 2770; x_wconf 89' lang='lat' dir='ltr'><em>Et</em></span> <span class='ocrx_word' id='word_1_194' title='bbox 1515 2697 1587 2793; x_wconf 87' lang='lat' dir='ltr'><em>jam</em></span> <span class='ocrx_word' id='word_1_195' title='bbox 1606 2694 1643 2767; x_wconf 90' lang='lat' dir='ltr'><em>in</em></span> <span class='ocrx_word' id='word_1_196' title='bbox 1663 2691 1828 2769; x_wconf 87' lang='lat' dir='ltr'><em>civilibus</em></span> <span class='ocrx_word' id='word_1_197' title='bbox 1851 2713 1998 2792; x_wconf 89' lang='lat' dir='ltr'><em>quoque</em></span> 
     </span>
     <span class='ocr_line' id='line_1_22' title="bbox 476 2805 1998 2909; baseline -0.004 -21"><span class='ocrx_word' id='word_1_198' title='bbox 476 2887 480 2900; x_wconf 83' lang='grc'><strong>,</strong></span> <span class='ocrx_word' id='word_1_199' title='bbox 618 2809 730 2890; x_wconf 89' lang='lat' dir='ltr'><em>rebus</em></span> <span class='ocrx_word' id='word_1_200' title='bbox 748 2807 1109 2896; x_wconf 72' lang='lat' dir='ltr'><em>uaitusdominium,</em></span> <span class='ocrx_word' id='word_1_201' title='bbox 1130 2805 1354 2909; x_wconf 73' lang='lat' dir='ltr'><em>omnemque</em></span> <span class='ocrx_word' id='word_1_202' title='bbox 1380 2809 1482 2907; x_wconf 90' lang='lat' dir='ltr'><em>supra</em></span> <span class='ocrx_word' id='word_1_203' title='bbox 1500 2810 1695 2888; x_wconf 84' lang='lat' dir='ltr'><em>humanam</em></span> <span class='ocrx_word' id='word_1_204' title='bbox 1721 2808 1998 2906; x_wconf 77' lang='lat' dir='ltr'><em>jurisdislionem</em></span> 
     </span>
     <span class='ocr_line' id='line_1_23' title="bbox 546 2915 1999 3034; baseline -0.006 -29"><span class='ocrx_word' id='word_1_205' title='bbox 546 2979 553 2992; x_wconf 84' lang='lat'><strong>·</strong></span> <span class='ocrx_word' id='word_1_206' title='bbox 616 2928 746 3022; x_wconf 87' lang='lat' dir='ltr'><em>elatus,</em></span> <span class='ocrx_word' id='word_1_207' title='bbox 764 2925 933 3015; x_wconf 79' lang='lat' dir='ltr'><em>tornioni,</em></span> <span class='ocrx_word' id='word_1_208' title='bbox 950 2918 1062 3031; x_wconf 78' lang='lat' dir='ltr'><em>quim</em></span> <span class='ocrx_word' id='word_1_209' title='bbox 1079 2940 1209 3014; x_wconf 86' lang='lat' dir='ltr'><em>cetero,</em></span> <span class='ocrx_word' id='word_1_210' title='bbox 1228 2915 1313 3030; x_wconf 78' lang='lat' dir='ltr'><em>ncifp</em></span> <span class='ocrx_word' id='word_1_211' title='bbox 1316 2919 1395 3003; x_wconf 71' lang='lat' dir='ltr'><em>otiu</em></span> <span class='ocrx_word' id='word_1_212' title='bbox 1410 2930 1587 3025; x_wconf 83' lang='lat' dir='ltr'><em>regnauit,</em></span> <span class='ocrx_word' id='word_1_213' title='bbox 1607 2919 1656 3012; x_wconf 71' lang='lat' dir='ltr'><em>ir</em></span> <span class='ocrx_word' id='word_1_214' title='bbox 1674 2941 1832 3034; x_wconf 80' lang='lat' dir='ltr'><em>tempora</em></span> <span class='ocrx_word' id='word_1_215' title='bbox 1848 2917 1899 3010; x_wconf 69' lang='lat' dir='ltr'><em>ir·</em></span> <span class='ocrx_word' id='word_1_216' title='bbox 1913 2923 1999 3028; x_wconf 87' lang='lat' dir='ltr'><em>leges</em></span> 
     </span>
     <span class='ocr_line' id='line_1_24' title="bbox 618 3033 2122 3151; baseline -0.005 -27"><span class='ocrx_word' id='word_1_217' title='bbox 618 3069 666 3124; x_wconf 89' lang='lat' dir='ltr'><em>ex</em></span> <span class='ocrx_word' id='word_1_218' title='bbox 680 3043 809 3123; x_wconf 88' lang='lat' dir='ltr'><em>hoctn</em></span> <span class='ocrx_word' id='word_1_219' title='bbox 826 3035 934 3150; x_wconf 76' lang='lat' dir='ltr'><em>ipsus</em></span> <span class='ocrx_word' id='word_1_220' title='bbox 947 3035 1155 3150; x_wconf 75' lang='lat' dir='ltr'><em>potestatem</em></span> <span class='ocrx_word' id='word_1_221' title='bbox 1163 3037 1246 3139; x_wconf 79' lang='lat' dir='ltr'><em>sunt</em></span> <span class='ocrx_word' id='word_1_222' title='bbox 1261 3037 1417 3132; x_wconf 84' lang='lat' dir='ltr'><em>tradito,</em></span> <span class='ocrx_word' id='word_1_223' title='bbox 1435 3043 1486 3120; x_wconf 85' lang='lat' dir='ltr'><em>ad</em></span> <span class='ocrx_word' id='word_1_224' title='bbox 1496 3057 1645 3151; x_wconf 82' lang='lat' dir='ltr'><em>tempus,</em></span> <span class='ocrx_word' id='word_1_225' title='bbox 1663 3056 1831 3147; x_wconf 78' lang='lat' dir='ltr'><em>tempore,</em></span> <span class='ocrx_word' id='word_1_226' title='bbox 1837 3033 2000 3127; x_wconf 66' lang='lat' dir='ltr'><em>&amp;timi-</em></span> <span class='ocrx_word' id='word_1_227' title='bbox 2118 3109 2122 3117; x_wconf 89' lang='lat'><em>.</em></span> 
     </span>
     <span class='ocr_line' id='line_1_25' title="bbox 617 3159 1999 3268; baseline -0.004 -28"><span class='ocrx_word' id='word_1_228' title='bbox 617 3161 919 3268; x_wconf 81' lang='lat' dir='ltr'><em>diumtemporie,</em></span> <span class='ocrx_word' id='word_1_229' title='bbox 951 3159 1022 3239; x_wconf 82' lang='lat' dir='ltr'><em>five</em></span> <span class='ocrx_word' id='word_1_230' title='bbox 1043 3167 1108 3238; x_wconf 90' lang='lat' dir='ltr'><em>tria</em></span> <span class='ocrx_word' id='word_1_231' title='bbox 1124 3181 1289 3263; x_wconf 85' lang='lat' dir='ltr'><em>tempora</em></span> <span class='ocrx_word' id='word_1_232' title='bbox 1308 3163 1344 3237; x_wconf 74' lang='grc' dir='ltr'><em>δι</em></span> <span class='ocrx_word' id='word_1_233' title='bbox 1359 3161 1570 3249; x_wconf 88' lang='lat' dir='ltr'><em>dimidium,</em></span> <span class='ocrx_word' id='word_1_234' title='bbox 1586 3161 1624 3238; x_wconf 92' lang='lat' dir='ltr'><em>id</em></span> <span class='ocrx_word' id='word_1_235' title='bbox 1647 3161 1697 3236; x_wconf 89' lang='lat' dir='ltr'><em>est</em></span> <span class='ocrx_word' id='word_1_236' title='bbox 1722 3159 1999 3237; x_wconf 87' lang='lat' dir='ltr'><em>milleducentos</em></span> 
     </span>
     <span class='ocr_line' id='line_1_26' title="bbox 620 3277 2001 3384; baseline -0.003 -27"><span class='ocrx_word' id='word_1_237' title='bbox 620 3282 658 3357; x_wconf 82' lang='lat' dir='ltr'><em>de</em></span> <span class='ocrx_word' id='word_1_238' title='bbox 670 3280 855 3374; x_wconf 88' lang='lat' dir='ltr'><em>sexaginta</em></span> <span class='ocrx_word' id='word_1_239' title='bbox 874 3300 990 3356; x_wconf 86' lang='lat' dir='ltr'><em>annos</em></span> <span class='ocrx_word' id='word_1_240' title='bbox 1006 3277 1156 3373; x_wconf 84' lang='lat' dir='ltr'><em>solares3</em></span> <span class='ocrx_word' id='word_1_241' title='bbox 1178 3291 1331 3384; x_wconf 79' lang='lat' dir='ltr'><em>tempore</em></span> <span class='ocrx_word' id='word_1_242' title='bbox 1346 3301 1414 3376; x_wconf 92' lang='lat' dir='ltr'><em>pro</em></span> <span class='ocrx_word' id='word_1_243' title='bbox 1430 3304 1526 3357; x_wconf 88' lang='lat' dir='ltr'><em>annu</em></span> <span class='ocrx_word' id='word_1_244' title='bbox 1556 3292 1635 3370; x_wconf 79' lang='lat'><em>360</em></span> <span class='ocrx_word' id='word_1_245' title='bbox 1651 3277 1791 3358; x_wconf 90' lang='lat' dir='ltr'><em>dierum</em></span> <span class='ocrx_word' id='word_1_246' title='bbox 1813 3291 2001 3377; x_wconf 63' lang='lat' dir='ltr'><em>cumputa—</em></span> 
     </span>
     <span class='ocr_line' id='line_1_27' title="bbox 616 3383 2001 3499; baseline -0.003 -25"><span class='ocrx_word' id='word_1_247' title='bbox 616 3409 684 3492; x_wconf 69' lang='grc' dir='ltr'><em>το,</em></span> <span class='ocrx_word' id='word_1_248' title='bbox 703 3395 813 3472; x_wconf 88' lang='lat' dir='ltr'><em>&amp;die</em></span> <span class='ocrx_word' id='word_1_249' title='bbox 833 3420 902 3496; x_wconf 93' lang='lat' dir='ltr'><em>pro</em></span> <span class='ocrx_word' id='word_1_250' title='bbox 920 3420 1017 3476; x_wconf 86' lang='lat' dir='ltr'><em>auno</em></span> <span class='ocrx_word' id='word_1_251' title='bbox 1032 3398 1153 3475; x_wconf 91' lang='lat' dir='ltr'><em>solari:</em></span> <span class='ocrx_word' id='word_1_252' title='bbox 1170 3393 1254 3474; x_wconf 75' lang='lat' dir='ltr'>1³0st</span> <span class='ocrx_word' id='word_1_253' title='bbox 1268 3418 1360 3496; x_wconf 90' lang='lat' dir='ltr'><em>quos</em></span> <span class='ocrx_word' id='word_1_254' title='bbox 1372 3383 1708 3499; x_wconf 77' lang='lat' dir='ltr'><em>Judieiumfidebit</em></span> <span class='ocrx_word' id='word_1_255' title='bbox 1724 3389 1774 3482; x_wconf 64' lang='lat' dir='ltr'><em>in</em></span> <span class='ocrx_word' id='word_1_256' title='bbox 1788 3389 2001 3472; x_wconf 88' lang='lat' dir='ltr'><em>Dominium</em></span> 
     </span>
     <span class='ocr_line' id='line_1_28' title="bbox 616 3499 2001 3620; baseline -0.001 -31"><span class='ocrx_word' id='word_1_257' title='bbox 616 3537 691 3620; x_wconf 68' lang='lat' dir='ltr'><em>qus</em></span> <span class='ocrx_word' id='word_1_258' title='bbox 712 3499 929 3620; x_wconf 79' lang='lat' dir='ltr'><em>auferetur,</em></span> <span class='ocrx_word' id='word_1_259' title='bbox 961 3537 1038 3592; x_wconf 89' lang='lat' dir='ltr'><em>uon</em></span> <span class='ocrx_word' id='word_1_260' title='bbox 1064 3513 1168 3592; x_wconf 88' lang='lat' dir='ltr'><em>simul</em></span> <span class='ocrx_word' id='word_1_261' title='bbox 1184 3536 1306 3602; x_wconf 89' lang='lat' dir='ltr'><em>omne,</em></span> <span class='ocrx_word' id='word_1_262' title='bbox 1327 3511 1387 3588; x_wconf 91' lang='lat' dir='ltr'><em>sed</em></span> <span class='ocrx_word' id='word_1_263' title='bbox 1404 3513 1602 3613; x_wconf 85' lang='lat' dir='ltr'><em>gradatim,</em></span> <span class='ocrx_word' id='word_1_264' title='bbox 1634 3525 1679 3588; x_wconf 89' lang='lat' dir='ltr'><em>ut</em></span> <span class='ocrx_word' id='word_1_265' title='bbox 1695 3503 1932 3617; x_wconf 83' lang='lat' dir='ltr'><em>consumatur</em></span> <span class='ocrx_word' id='word_1_266' title='bbox 1952 3503 2001 3598; x_wconf 70' lang='grc' dir='ltr'><em>ὁ·</em></span> 
     </span>
     <span class='ocr_line' id='line_1_29' title="bbox 613 3620 2000 3738; baseline -0.001 -30"><span class='ocrx_word' id='word_1_267' title='bbox 613 3628 794 3738; x_wconf 80' lang='lat' dir='ltr'><em>perdatur</em></span> <span class='ocrx_word' id='word_1_268' title='bbox 808 3620 923 3735; x_wconf 73' lang='lat' dir='ltr'><em>uj&#39;que</em></span> <span class='ocrx_word' id='word_1_269' title='bbox 935 3625 1111 3734; x_wconf 79' lang='lat' dir='ltr'><em>adfinem.</em></span> <span class='ocrx_word' id='word_1_270' title='bbox 1158 3621 1214 3706; x_wconf 87' lang='lat' dir='ltr'><em>Et</em></span> <span class='ocrx_word' id='word_1_271' title='bbox 1228 3623 1389 3733; x_wconf 83' lang='lat' dir='ltr'><em>Regnum</em></span> <span class='ocrx_word' id='word_1_272' title='bbox 1408 3623 1460 3718; x_wconf 67' lang='lat' dir='ltr'><em>in</em></span> <span class='ocrx_word' id='word_1_273' title='bbox 1484 3625 1696 3706; x_wconf 86' lang='lat' dir='ltr'><em>Domininm</em></span> <span class='ocrx_word' id='word_1_274' title='bbox 1726 3623 1774 3716; x_wconf 72' lang='lat' dir='ltr'><em>dr</em></span> <span class='ocrx_word' id='word_1_275' title='bbox 1800 3645 1882 3737; x_wconf 82' lang='lat' dir='ltr'><em>amp</em></span> <span class='ocrx_word' id='word_1_276' title='bbox 1883 3629 2000 3708; x_wconf 83' lang='lat' dir='ltr'><em>litudo</em></span> 
     </span>
     <span class='ocr_line' id='line_1_30' title="bbox 460 3733 2002 3855; baseline -0.003 -27"><span class='ocrx_word' id='word_1_277' title='bbox 460 3791 465 3800; x_wconf 95' lang='lat'>·</span> <span class='ocrx_word' id='word_1_278' title='bbox 616 3742 750 3854; x_wconf 87' lang='lat' dir='ltr'><em>Regni,</em></span> <span class='ocrx_word' id='word_1_279' title='bbox 768 3749 863 3852; x_wconf 86' lang='lat' dir='ltr'><em>quod</em></span> <span class='ocrx_word' id='word_1_280' title='bbox 879 3739 1008 3851; x_wconf 78' lang='lat' dir='ltr'><em>estsub</em></span> <span class='ocrx_word' id='word_1_281' title='bbox 1019 3757 1100 3826; x_wconf 91' lang='lat' dir='ltr'><em>toto</em></span> <span class='ocrx_word' id='word_1_282' title='bbox 1112 3745 1203 3841; x_wconf 82' lang='lat' dir='ltr'><em>ceso,</em></span> <span class='ocrx_word' id='word_1_283' title='bbox 1218 3747 1394 3846; x_wconf 85' lang='lat' dir='ltr'><em>gradatim</em></span> <span class='ocrx_word' id='word_1_284' title='bbox 1408 3733 1913 3855; x_wconf 70' lang='lat' dir='ltr'><em>dabiturpopnlosandimum</em></span> <span class='ocrx_word' id='word_1_285' title='bbox 1933 3744 2002 3824; x_wconf 86' lang='lat' dir='ltr'><em>As-</em></span> 
     </span>
     <span class='ocr_line' id='line_1_31' title="bbox 614 3853 2003 3972; baseline 0 -31"><span class='ocrx_word' id='word_1_286' title='bbox 614 3853 751 3972; x_wconf 84' lang='lat' dir='ltr'><em>tiffimi,</em></span> <span class='ocrx_word' id='word_1_287' title='bbox 761 3863 867 3969; x_wconf 61' lang='lat' dir='ltr'><em>,onnus</em></span> <span class='ocrx_word' id='word_1_288' title='bbox 882 3857 1044 3968; x_wconf 86' lang='lat' dir='ltr'><em>Regnum</em></span> <span class='ocrx_word' id='word_1_289' title='bbox 1058 3859 1107 3964; x_wconf 83' lang='lat' dir='ltr'><em>eli</em></span> <span class='ocrx_word' id='word_1_290' title='bbox 1120 3857 1283 3970; x_wconf 87' lang='lat' dir='ltr'><em>Regnum</em></span> <span class='ocrx_word' id='word_1_291' title='bbox 1284 3855 1551 3971; x_wconf 76' lang='lat' dir='ltr'><em>sempiternum,</em></span> <span class='ocrx_word' id='word_1_292' title='bbox 1570 3855 1621 3953; x_wconf 69' lang='lat' dir='ltr'><em>ito</em></span> <span class='ocrx_word' id='word_1_293' title='bbox 1637 3889 1753 3945; x_wconf 87' lang='lat' dir='ltr'><em>omnes</em></span> <span class='ocrx_word' id='word_1_294' title='bbox 1767 3863 1820 3946; x_wconf 83' lang='lat' dir='ltr'><em>ilii</em></span> <span class='ocrx_word' id='word_1_295' title='bbox 1829 3855 2003 3972; x_wconf 82' lang='lat' dir='ltr'><em>servient</em></span> 
     </span>
     <span class='ocr_line' id='line_1_32' title="bbox 616 3973 1246 4092; baseline 0.005 -36"><span class='ocrx_word' id='word_1_296' title='bbox 616 3995 728 4085; x_wconf 83' lang='lat' dir='ltr'><em>atque</em></span> <span class='ocrx_word' id='word_1_297' title='bbox 747 3981 905 4060; x_wconf 81' lang='lat' dir='ltr'><em>obedient</em></span> <span class='ocrx_word' id='word_1_298' title='bbox 928 3975 1147 4064; x_wconf 84' lang='lat' dir='ltr'><em>Domioatus</em></span> <span class='ocrx_word' id='word_1_299' title='bbox 1169 3973 1246 4092; x_wconf 85' lang='lat' dir='ltr'><em>(b).</em></span> 
     </span>
    </p>
   </div>
   <div class='ocr_carea' id='block_1_3' title="bbox 702 4206 1719 4290">
    <p class='ocr_par' dir='ltr' id='par_1_3' title="bbox 702 4206 1719 4290">
     <span class='ocr_line' id='line_1_33' title="bbox 702 4206 1719 4290; baseline 0.007 -22"><span class='ocrx_word' id='word_1_300' title='bbox 702 4208 745 4284; x_wconf 82' lang='lat' dir='ltr'><em>(a)</em></span> <span class='ocrx_word' id='word_1_301' title='bbox 767 4210 834 4288; x_wconf 89' lang='lat' dir='ltr'><em>Cap.</em></span> <span class='ocrx_word' id='word_1_302' title='bbox 861 4209 1047 4288; x_wconf 75' lang='lat' dir='ltr'><em>precedenti.</em></span> <span class='ocrx_word' id='word_1_303' title='bbox 1306 4211 1350 4290; x_wconf 78' lang='lat' dir='ltr'><em>(b)</em></span> <span class='ocrx_word' id='word_1_304' title='bbox 1374 4206 1446 4275; x_wconf 79' lang='lat' dir='ltr'><em>Dan.</em></span> <span class='ocrx_word' id='word_1_305' title='bbox 1472 4206 1564 4274; x_wconf 79' lang='lat' dir='ltr'><em>Vll·</em></span> <span class='ocrx_word' id='word_1_306' title='bbox 1586 4215 1637 4276; x_wconf 79' lang='lat'><em>26·</em></span> <span class='ocrx_word' id='word_1_307' title='bbox 1663 4225 1719 4282; x_wconf 76' lang='lat'><em>²⁷·</em></span> 
     </span>
    </p>
   </div>
   <div class='ocr_carea' id='block_1_4' title="bbox 0 0 2267 5812">
    <p class='ocr_par' dir='ltr' id='par_1_4' title="bbox 0 0 2267 5812">
     <span class='ocr_line' id='line_1_34' title="bbox 0 0 2267 5812; baseline 0 0"><span class='ocrx_word' id='word_1_308' title='bbox 0 0 2267 5812; x_wconf 95' lang='lat' dir='ltr'><em> </em></span> 
     </span>
    </p>
   </div>
  </div>
 </body>
</html>
