4468 5814
612 439 694 526 278
906 415 1437 506 OPUSCULUM
1490 419 1705 510 XXIV.

607 581 865 664 Evooxuru
881 587 922 663 in
939 583 1003 665 suo
1027 579 1211 695 Erupere,
1231 587 1301 668 five
1320 585 1488 696 Speculo,
1525 589 1570 666 de
1586 611 1661 688 quo
1683 588 1851 666 meminit
1879 581 1938 666 Ha
1951 580 1991 666 vl

597 724 860 793 -vnncuus,
899 703 994 783 banc
1021 708 1234 785 sententiam
1259 707 1419 787 secutum
1447 705 1558 784 fuisse.
1605 703 1993 786 Hiverncnot*

601 842 730 900 autem
754 825 971 902 nominatim
1002 826 1139 904 indicat
1162 825 1312 916 Stellas,
1339 849 1403 927 per
1432 849 1519 925 quas
1541 828 1578 901 in
1610 823 1678 903 bac
1701 842 1820 902 vetere
1846 821 1993 924 Sphaert

600 939 801 1018 transibant
826 933 952 1022 Caluri
981 947 1081 1043 juxta
1106 942 1387 1034 Eunoxurr,
1421 946 1458 1021 &
1488 945 1617 1045 apertis
1647 943 1762 1020 verbis
1789 946 1861 1030 ait,
1888 939 1993 1041 qudd

604 1054 669 1136 Eu
686 1083 851 1137 noxus
887 1064 962 1161 egit
996 1085 1111 1141 unum
1151 1061 1331 1141 Culurum
1352 1086 1417 1164 per
1449 1062 1610 1139 medium
1634 1051 1843 1148 Cancrum,
1871 1061 1908 1135 ἃ
1927 1083 1993 1160 per

605 1178 773 1254 medium
805 1167 1090 1288 Capricornum,
1121 1179 1233 1259 alium
1249 1175 1337 1259 verd
1360 1204 1424 1280 per
1441 1179 1686 1258 meditullium
1715 1169 1931 1266 Chelarum,
1954 1177 1993 1254 &

608 1319 676 1397 per
692 1290 830 1373 Arietr'a
850 1295 1025 1377 Dorsum.
1067 1299 1178 1402 Atqui
1193 1297 1355 1378 Colorus
1374 1297 1544 1377 tranfiens
1565 1323 1631 1400 per
1652 1295 1815 1376 Dorsum
1828 1291 1988 1384 Amata,

608 1411 730 1490 transrt
751 1437 820 1514 per
845 1415 1008 1494 medium
1031 1410 1220 1506 Arietem,
1246 1419 1285 1494 de
1305 1418 1389 1495 olio
1404 1413 1547 1495 tantdm
1562 1414 1742 1496 Gradibus
1759 1409 1897 1492 distata
1919 1414 1992 1514 pri·

508 1562 511 1571 ·
609 1531 669 1608 nst
696 1531 806 1610 Stella
833 1528 980 1612 Arietu.
1031 1532 1136 1635 Ego,
1167 1533 1415 1614 Eunoxvlr
1446 1535 1608 1624 secutus,
1632 1535 1720 1611 loco
1749 1531 1993 1634 AEquinooia-

608 1649 683 1726 lem
709 1647 889 1728 Columna
911 1650 958 1729 ad
987 1674 1024 1746 7.
1045 1677 1105 1757 gr.
1137 1645 1216 1746 36',
1235 1650 1439 1750 circiter,i
1464 1653 1581 1753 primi
1597 1650 1737 1730 Arietis
1751 1649 1875 1729 ssent.
1921 1645 1993 1727 Sed

554 1867 559 1878 .
609 1765 744 1846 Autior
764 1765 1071 1852 Observationum
1095 1769 1210 1849 asserit
1225 1795 1283 1848 me
1302 1771 1482 1851 Colururn
1510 1793 1647 1871 ponere
1664 1773 1702 1847 in
1721 1769 1869 1847 decimo
1889 1769 1993 1872 qvin-

610 1897 651 1961 to
672 1883 796 1962 Gradu
822 1884 841 1964 i
867 1880 984 1987 primi
1005 1888 1114 1968 Stellai
1137 1884 1297 1978 Arietis,
1326 1891 1364 1966 ἃ
1389 1889 1477 1966 hinc
1493 1888 1665 1977 conficit,
1682 1882 1785 1990 qudd
1800 1887 1915 1964 facere
1931 1884 1994 1962 de-

610 2001 762 2084 buiffem
792 2005 1084 2108 Argonauticam
1112 2005 1397 2109 Expeditionem
1434 2008 1700 2095 recentiorem,
1722 2003 1843 2106 quim
1870 2007 1990 2090 sacio,

611 2123 821 2222 quingentis
849 2128 997 2222 triginta
1016 2124 1161 2204 duobus
1179 2129 1292 2203 annis
1341 2123 1426 2204 Hoc
1442 2121 1608 2204 Erratum
1627 2127 1807 2222 corrigat,
1826 2124 1863 2200 &
1877 2117 1994 2226 Argo-

610 2253 814 2316 nautarum
844 2239 1040 2346 Eirpeditio
1061 2243 1199 2320 recidet
1217 2242 1262 2320 ad
1282 2257 1452 2344 tempus,
1474 2247 1512 2320 in
1529 2267 1605 2345 quo
1620 2267 1700 2319 eam
1714 2241 1827 2318 statui.

669 2353 730 2434 De
751 2351 1040 2439 Generationum
1065 2362 1283 2451 duratione,
1309 2361 1443 2442 Aullor
1468 2359 1774 2442 Observationum
1796 2361 1871 2453 ait,
1891 2345 2005 2456 quoa

611 2497 684 2574 ego
709 2477 850 2567 tribuo,
877 2501 988 2556 unam
1015 2477 1122 2558 alteri
1136 2479 1345 2580 pensando,
1363 2477 1511 2579 fingulis
1529 2479 1757 2562 ottodecim,
1778 2491 1840 2554 aut
1864 2473 1997 2573 viginti

610 2615 751 2688 annos3
769 2594 889 2689 Quod
907 2596 955 2674 est
971 2597 1069 2674 aliud
1087 2595 1259 2676 Erratum.
1297 2597 1378 2696 Ego
1398 2621 1482 2678 cum
1500 2595 1692 2675 Veteribus
1712 2595 1910 2686 convenio,
1927 2611 1997 2691 po-

611 2731 703 2786 nens
721 2727 870 2790 centnm
897 2737 1037 2804 annos,
1056 2729 1118 2792 aut
1132 2717 1300 2816 circiter,
1321 2718 1510 2793 continere
1527 2729 1599 2792 tres
1620 2711 1892 2792 Generationes.
1923 2705 1995 2786 Sed

611 2841 781 2930 ternpus,
800 2853 868 2933 per
895 2834 997 2936 quod
1011 2833 1130 2933 Reges
1147 2831 1278 2933 singuli
1293 2835 1485 2934 potiuntur
1500 2833 1673 2934 Imperio,
1688 2828 1995 2910 Generationibus

610 2945 760 3046 singulis
787 2949 922 3050 aequale
952 2976 1029 3028 non
1054 2943 1171 3040 secio,
1192 2967 1234 3029 ut
1255 2951 1427 3054 putarunt
1457 2945 1601 3040 Greci,
1626 2953 1663 3028 &
1691 2940 1885 3058 AEgyptii:
1915 2943 1997 3044 Ego

611 3063 699 3143 verb
715 3067 908 3148 dinumero
924 3067 1065 3148 tantiam
1094 3069 1323 3159 ottodecim,
1354 3084 1415 3146 aut
1433 3073 1562 3168 viginti
1575 3092 1718 3157 annos,
1740 3069 1905 3154 circiter,
1934 3062 1997 3140 ha-

611 3183 687 3260 bist
704 3185 946 3285 longiorum,
976 3189 1238 3266 &breviorum
1259 3191 1421 3279 ratione,
1450 3188 1598 3290 quando
1614 3189 1765 3281 decens,
1785 3182 1994 3269 duodecim,

612 3314 675 3379 aut
696 3303 854 3403 plurium
876 3302 1020 3404 Regum
1045 3303 1108 3382 fibi
1129 3306 1398 3384 succedentium
1425 3305 1540 3382 Series
1565 3303 1817 3382 confideratur.
1878 3298 1931 3378 lta
1947 3299 1998 3374 vi-

612 3418 707 3516 ginti
735 3435 890 3521 quatuor
916 3425 1055 3523 priores
1081 3417 1216 3501 Gallia
1240 3422 1360 3523 Reges
1392 3419 1818 3526 (Pannnmuvous
1848 3479 1859 3510 ,
1891 3411 1999 3532 dcc.)

613 3533 748 3639 Regno
764 3544 879 3640 potiti
904 3541 985 3618 sunt
1014 3549 1268 3643 quatercentos
1300 3544 1563 3643 quinquaginta
1596 3541 1679 3618 octo
1706 3562 1820 3616 annos
1851 3543 1867 3628 ,‘·
1902 3537 1996 3638 qui.

614 3655 803 3756 aequaliter
833 3659 1035 3746 distributi,
1061 3660 1229 3737 recidunt
1253 3661 1298 3736 ad
1323 3659 1580 3736 novemdecim
1601 3681 1715 3734 annos
1759 3679 1828 3758 pro
1847 3675 1999 3762 quoque

613 3769 724 3875 Rege.
759 3775 923 3856 Proximi
943 3781 1072 3878 viginti
1088 3792 1243 3878 quatuor
1264 3770 1395 3853 Gallie
1420 3774 1538 3875 Reges
1559 3771 1877 3881 (Lunovrcvs
1912 3763 2001 3848 Bal-

612 3887 707 3982 bus,
743 3897 846 3991 dvc.)
879 3920 994 3974 annos
1017 3911 1268 3999 quatercentos
1288 3897 1575 3998 quinquaginta,
1606 3894 1643 3969 &
1659 3917 1798 3979 unum,
1825 3891 1913 3966 idest
1931 3886 2001 3964 lin·

614 4014 692 4108 guli
722 4013 978 4114 duodeviginti
1013 4039 1096 4118 cum
1115 4013 1297 4091 mensibus
1325 4037 1471 4089 novem.
1518 4011 1740 4106 Quindecim
1760 4007 1905 4107 Reges,
1934 4007 1999 4107 qui

497 4227 503 4236 ἱ
615 4127 683 4202 bos
719 4131 829 4210 secuti
864 4134 988 4221 sunt,
1018 4130 1297 4220 (Passurus
1330 4123 1521 4234 Valesius,
1552 4119 1668 4234 hm)
1692 4141 1873 4207 tercentos
1896 4127 2002 4225 quin·

616 4242 733 4321 decim
765 4273 904 4338 annos,
937 4251 1109 4328 videlicet
1133 4249 1378 4352 unusquisque
1408 4249 1564 4348 viginti,
1596 4249 1633 4322 ἃ
1666 4269 1791 4322 unum.
1855 4243 2001 4324 Omnes

617 4375 739 4440 aerem
775 4365 954 4467 sexaginta
966 4383 1036 4444 tres
1054 4361 1187 4444 Gallie
1208 4366 1348 4466 Reges,
1376 4365 1475 4441 mille
1497 4363 1676 4443 ducentos
1695 4365 1825 4463 viginti
1845 4374 2001 4464 quatuor¹

617 4505 763 4580 annos,
788 4507 922 4586 nempe
942 4483 1074 4585 singuli
1097 4485 1353 4592 novemdecim
1383 4507 1524 4571 annos,
1556 4484 1593 4560 ἃ
1616 4483 1678 4560 sex
1704 4479 1852 4559 menses.
1887 4478 1924 4557 Si
1944 4477 1999 4611 his

1947 4615 2002 4671 vn

651 4747 1095 4857 *Videttvamncuvu
1120 4751 1326 4855 iuravit.
1346 4747 1472 4831 Votis
1482 4749 1508 4834 1.
1518 4757 1683 4848 pagara.
1709 4765 1789 4842 117·
1812 4761 1997 4843 119·120·.
