4434 5850
372 441 859 540 ousae-Vnst·
899 443 1015 532 lN
1061 441 1441 534 uantum
1481 451 1482 454 ‘
1526 463 1607 546 385

224 605 486 712 paniolum,
514 593 626 689 vead,
653 601 739 680 anni
757 601 916 682 mediam
941 615 1079 703 partem
1104 606 1141 682 in
1161 595 1299 704 judai
1316 605 1530 701 insumens,
1550 619 1613 680 ex·
1645 605 1768 682 chniu.

229 739 282 804 tra
303 719 407 802 Han
420 743 445 798 o
457 745 484 797 u
497 743 542 798 as
563 717 734 796 ditiones.
1634 697 1781 858 gam

287 833 794 939 Ita,inlllnuuuu1&J
807 833 1235 940 oauuasllvangeliis,
1255 837 1507 927 omnia,vero
1523 842 1614 910 tem·

230 962 332 1062 poris
347 957 476 1035 ordine
492 1014 502 1045 ,
521 978 599 1056 quo
618 956 865 1052 contigerunt,
887 953 1063 1055 descripta
1083 955 1276 1046 habemus,
1294 957 1339 1034 ab
1356 957 1461 1033 initio
1478 971 1615 1052 praeco-

113 1135 115 1139 ,
232 1079 286 1154 nil
306 1064 501 1182 Baptislae,
523 1072 634 1174 usque
663 1072 709 1150 ad
721 1063 1031 1178 mortemchnsti
1041 1098 1052 1167 ;
1067 1069 1272 1175 suasique,
1287 1077 1332 1152 ab
1347 1076 1506 1152 inuicem
1520 1125 1530 1156 ,
1546 1064 1615 1144 lin-
1711 1123 1714 1130 .

233 1194 365 1295 gulos,
383 1193 482 1270 notis
502 1183 595 1268 adad
610 1186 826 1292 insignibus,
858 1191 1060 1280 distinlios,
1087 1203 1128 1270 ut
1145 1215 1239 1270 unus
1255 1217 1324 1293 pro
1349 1191 1464 1268 altero
1499 1184 1617 1285 accipi
1806 1273 1812 1280 ,

232 1335 310 1390 non
329 1307 445 1411 polilt.
479 1307 689 1388 Secundum
703 1304 868 1388 Paschais
883 1311 1003 1410 primo
1024 1309 1254 1409 distinguitur
1264 1293 1287 1409 ,⁸
1298 1335 1345 1390 eo
1370 1306 1495 1411 quod,
1523 1307 1618 1380 inter
1719 1401 1722 1410 Ι

234 1429 325 1518 haeo,
343 1426 367 1529 J
377 1453 401 1506 ο
415 1447 545 1504 nunu
559 1453 575 1504 s
590 1427 630 1504 in
650 1449 831 1506 carcerem
845 1425 1029 1525 conjeilus
1043 1427 1102 1504 est.
1131 1427 1310 1525 Tertium,
1327 1427 1347 1506 d
1362 1424 1535 1510 secundo,
1552 1420 1619 1497 du·

234 1547 324 1650 plex
341 1546 527 1644 distinguit
541 1557 650 1622 nota:
673 1546 812 1643 prima,
839 1541 942 1646 qudd
968 1544 1162 1623 intercessit
1182 1547 1333 1637 festum,
1365 1568 1443 1648 quo
1468 1538 1619 1642 Jssua

237 1658 506 1778 Hieratfhlymas
532 1661 805 1754 adscendit(a):
826 1663 953 1750 altera,
977 1663 1205 1741 intervallum
1221 1665 1420 1765 temporis,
1444 1660 1489 1736 ab
1512 1657 1619 1734 initio

236 1771 411 1885 praeunti
428 1770 560 1877 Christi
573 1777 748 1880 elapsum:
773 1783 941 1879 contigit,
958 1784 1118 1882 quippe,
1141 1781 1340 1860 secondum
1354 1777 1495 1863 Pascha,
1511 1775 1619 1853 initio

237 1901 333 1978 illius
360 1903 558 2000 praeconii3
582 1899 748 1984 ternum,
776 1893 886 1986 vead,
912 1898 1071 1977 tamdiu
1097 1894 1202 2000 pots,
1234 1914 1294 1988 ut,
1326 1912 1518 1998 antequam
1545 1891 1622 1967 hoc

239 2015 392 2106 adesset,
411 2016 544 2093 dixerit
561 2005 723 2112 Christus
736 2038 746 2088 ι,
768 2009 808 2092 Α
832 2030 986 2122 tempore
1002 2013 1026 2117 J
1034 2041 1058 2094 o
1071 2039 1164 2093 auu
1179 2041 1191 2094 1
1207 2043 1223 2094 s
1239 2009 1436 2126 Baptssae‚
1452 2009 1503 2091 ad
1526 2007 1624 2086 hunc
1732 2083 1734 2090 .

238 2133 342 2224 diem,
363 2134 445 2214 uim
456 2133 606 2244 patitur
620 2129 783 2236 Regnum
800 2129 964 2210 culorum
979 2127 1056 2220 sse.
1084 2135 1261 2238 urbisque
1284 2121 1625 2229 Galilaeaeobjurgi-

240 2255 310 2344 rit,
332 2250 454 2356 qudd,
474 2244 636 2328 domins
654 2249 714 2328 sui
731 2252 768 2326 &
780 2252 983 2339 miraculis,
1004 2255 1108 2330 omni
1128 2251 1193 2330 illo
1213 2268 1378 2352 tempore
1394 2252 1520 2338 editis,
1542 2269 1626 2324 mo·

242 2383 309 2460 tae,
346 2393 423 2449 non
447 2365 669 2470 resipuissent
698 2362 768 2473 (b).
811 2367 1023 2462 Quartum,
1053 2367 1072 2448 i
1096 2379 1230 2458 tertio,
1262 2371 1479 2472 distinguit,
1506 2365 1625 2444 missio

241 2527 284 2567 vu
308 2496 416 2570 talasa
441 2483 461 2564 i
495 2477 655 2590 chrisio,
675 2497 744 2573 ut,
770 2487 874 2562 omni
899 2486 964 2563 illo
985 2489 1162 2590 temporis
1188 2488 1404 2582 intervallo,
1423 2512 1490 2591 per
1517 2485 1627 2564 urbes

243 2587 399 2690 Judaeae,
420 2601 655 2703 Evangelium
672 2601 916 2704 praedicarent.
959 2602 1165 2698 Quintum,
1183 2607 1342 2708 denique
1359 2660 1370 2702 ,
1388 2607 1433 2687 ab
1454 2604 1627 2684 omnibus

245 2721 451 2820 prioribus,
470 2745 515 2798 eo
531 2723 779 2820 distinguitur,
796 2718 917 2821 qudd,
932 2720 1057 2799 reversa
1071 2723 1115 2799 ab
1130 2723 1195 2802 illo
1207 2729 1412 2824 praeconio,
1430 2723 1629 2802 duodecim

244 2835 315 2927 iili,
334 2840 430 2939 apud
449 2829 630 2945 Christum
648 2837 865 2927 manserunt,
882 2845 1006 2929 omni,
1024 2842 1126 2941 quod
1143 2841 1219 2918 haec
1236 2839 1401 2921 Paschata
1413 2837 1625 2926 intercessit,

246 2969 436 3057 tempore;
452 2981 498 3036 eo
514 2961 644 3046 etiam,
674 2955 776 3058 quod
801 2947 988 3063 Christus,
1015 2961 1145 3060 quinto
1165 2957 1240 3036 hoc
1269 2956 1461 3051 Paschate,
1490 2957 1630 3048 ocoisue

248 3073 325 3165 est,
344 3069 511 3176 elisique,
529 3099 608 3178 quae
627 3075 747 3152 fallere
760 3097 838 3152 non
853 3073 1021 3176 possunt,
1040 3078 1146 3154 notis.
1215 3085 1220 3090 “

307 3189 644 3296 Quandoquidem,
665 3215 776 3293 ergo,
791 3195 907 3294 prima
920 3194 1034 3281 ullas,
1051 3193 1122 3297 qul
1138 3191 1302 3295 baptismi
1317 3193 1514 3272 ministerio
1529 3189 1631 3273 lunc.
1651 3187 1800 3258 athone

248 3325 306 3390 tus
320 3310 370 3408 cll
387 3307 445 3412 Jo
459 3335 630 3405 naues,
645 3313 683 3388 iu
706 3335 752 3406 15
776 3313 920 3412 imperii
934 3310 969 3389 T
983 3334 1140 3390 lasau
1158 3335 1292 3390 annum
1306 3312 1446 3400 incidit,
1467 3304 1632 3412 adeoque
1650 3271 1819 3418 mm

248 3429 461 3532 primanus
476 3433 639 3532 quinque
654 3428 749 3506 hisce
768 3425 1012 3518 Paschatibus,
1027 3433 1064 3506 in
1079 3430 1237 3529 eiusdem
1249 3452 1387 3506 annum
1410 3445 1481 3524 163
1499 3429 1631 3526 postte.
1648 3433 1737 3514 tigilla
1760 3437 1792 3498 n.

225 3619 229 3626 .
249 3571 353 3626 naum
370 3571 417 3625 ex
437 3550 500 3636 iis,
519 3551 556 3623 in
570 3547 730 3645 ejusdem
745 3569 881 3626 annum
900 3573 953 3626 20
968 3547 1158 3644 inciderit,
1175 3543 1314 3625 necesse
1329 3545 1397 3640 est;
1414 3541 1579 3648 adeoque
1594 3549 1633 3624 in
1648 3517 1682 3580 ⁰·
1716 3537 1768 3599 ³⁴·

251 3683 416 3754 annum,
448 3689 523 3768 quo
553 3665 727 3744 Consules
755 3661 855 3742 fuere
889 3655 1072 3744 Faetus
1107 3668 1144 3744 dc
1167 3665 1495 3753 Vareniana,
1522 3651 1658 3766 Julia?

246 3805 343 3864 ‘num
381 3805 474 3878 79,
514 3780 599 3860 &i
637 3783 679 3863 C.
713 3779 759 3858 N.
804 3805 857 3881 34
888 3775 1005 3890 (a),
1035 3785 1099 3885 qui
1127 3809 1243 3866 annus
1269 3782 1366 3884 apud
1391 3773 1532 3862 Jndaens
1562 3795 1639 3860 erat
1757 3801 1761 3809 ’

313 3893 362 3995 ll
389 3895 569 3978 Newtom'
590 3889 789 4008 opuscula.
823 3899 932 3978 Tom.
955 3898 1046 3981 ΙΙΙ.
1256 3897 1357 3978 Ccc
1518 3899 1640 3978 sabba-

263 4033 265 4038 '
292 4029 340 4108 (a)
371 4031 464 4096 maath
499 4033 575 4099 Vlll.
603 4056 649 4112 up.
670 4035 741 4100 luc.
768 4037 829 4101 tx.
854 4055 905 4119 57·
987 4043 1030 4120 (b)
1060 4040 1162 4104 illatth.
1187 4043 1252 4105 XI.
1275 4055 1322 4104 aa.
1348 4059 1396 4104 ao.

295 4120 339 4188 (c)
367 4118 382 4189 [
399 4113 480 4178 Csina
501 4117 600 4178 Noster
614 4119 717 4198 supra,
736 4117 812 4182 haud
827 4122 929 4200 procul
976 4141 1027 4197 no,
1041 4121 1086 4185 seu
1099 4123 1134 4185 ab
1151 4123 1210 4202 ipso
1222 4136 1312 4196 nato,
1335 4120 1467 4196 labente,
1493 4117 1642 4198 contigisse

255 4191 292 4254 'b
317 4193 403 4272 h⁰s¹¹⁵
421 4198 532 4278 Capitis
552 4201 657 4274 inido,
679 4199 837 4282 Dianyfium
860 4204 929 4266 lixi·
976 4205 1216 4268 llatuendueelset
1228 4228 1238 4282 ς
1252 4201 1420 4282 adedque&
1440 4204 1566 4287 primum
1583 4197 1643 4262 Pas·

258 4295 345 4368 muna
363 4278 574 4362 perstrinxerit,
593 4282 667 4360 quasa
681 4303 829 4362 perperam
839 4285 927 4346 inter·
978 4287 1051 4362 olna,
1065 4287 1237 4358 minimdm,
1259 4289 1371 4351 eodem.
1411 4287 1501 4363 aitque
1523 4284 1560 4343 ita
1580 4283 1643 4360 qul·

278 4373 400 4421 aetatum
417 4361 501 4422 verba
520 4371 609 4436 Luca,
627 4365 697 4444 Cap.
714 4365 771 4425 lll.
783 4383 831 4440 η.
852 4365 929 4428 velu-
978 4367 1066 4441 dem,
1081 4367 1460 4444 interPaschatiatempus&
1477 4363 1646 4444 baptismium

292 4441 423 4519 lesuspo
442 4461 583 4506 annorum
603 4443 658 4506 else
673 4447 844 4520 [talamannia
859 4455 928 4507 inel-
978 4449 1096 4528 clrlfli,
1115 4453 1175 4525 ejus
1194 4451 1301 4513 natales
1321 4447 1411 4510 essent
1427 4445 1573 4508 statuendi.
1597 4445 1645 4506 sin

255 4537 412 4606 perranum
426 4523 564 4599 baptismo
577 4527 753 4604 tingeretur}
775 4529 805 4590 in
826 4528 928 4592 edesse
978 4543 1072 4594 antem
1086 4571 1095 4601 ,
1108 4531 1288 4612 utvulgofit‚
1310 4545 1392 4592 natus
1415 4528 1545 4592 credatur
1567 4524 1646 4602 lesus

257 4603 375 4680 videtur¹
387 4605 444 4683 ipse
461 4603 617 4680 sententiis,
636 4609 694 4682 jam
707 4609 808 4688 plenos
827 4629 862 4684 l⁰
875 4631 929 4673 an·
977 4612 1075 4674 mense
1091 4613 1261 4688 Decembri,
1280 4623 1444 4694 oporteret.
1459 4611 1532 4671 inser
1549 4603 1651 4682 baptis·

259 4685 479 4760 nos‘clrtstum,
493 4701 689 4767 adtemptare,
710 4690 820 4753 invisis
833 4693 927 4770 agisse.
979 4713 1058 4756 mum
1077 4696 1138 4770 ejus
1162 4697 1189 4758 u
1211 4695 1372 4774 proximum
1394 4691 1517 4763 Pascha,
1539 4703 1649 4748 annana

119 4853 124 4860 ι
260 4764 428 4847 ltaqueeius
440 4767 593 4851 baptismus
610 4783 644 4850 3¹
667 4771 757 4836 atatis
774 4773 857 4856 ipsius
877 4793 930 4840 an-
977 4773 1015 4840 ab
1027 4777 1088 4856 eius
1099 4774 1239 4846 natalibus
1252 4797 1289 4862 μ
1304 4769 1458 4852 incepisse,
1488 4769 1649 4848 eodemque

89 5069 101 5076 ἒ
217 5010 233 5054 l
