4456 5800
622 517 702 589 132
970 474 1466 564 oeoscoronr
1527 441 1714 560 xiiii.

457 611 554 689 ω’
573 611 598 678 ¹·
619 634 800 714 ducebant
835 659 964 735 greges
1002 635 1142 737 pastum
1182 648 1328 733 agentes
1356 613 1582 734 ubieunque*
1606 635 1755 712 libuerat
1785 693 1795 723 ,
1829 625 2004 735 quonium

618 753 747 854 pascua
786 749 973 830 Phoenicia
1006 776 1083 830 non
1120 755 1276 831 omnino
1307 750 1466 828 dominis
1494 751 1763 851 peculiari-bus,
1798 755 1847 829 ob
1884 754 2004 831 honri·

618 895 710 948 num
746 874 921 968 exiguum
964 893 1192 958 numerum,
1238 869 1422 946 distributa
1462 883 1570 944 erant.
1637 867 1764 944 Primis
1792 870 2001 968 regionibus

494 1034 495 1037 κ
616 1003 705 1066 tunc
735 991 913 1088 temporis
950 987 1116 1063 habitatis
1150 999 1225 1064 tunt
1253 988 1359 1088 pauci
1392 986 1538 1061 fuerunt
1565 983 1735 1080 Incolae‚
1775 1001 1814 1063 ut
1846 1001 2000 1086 quatuor

616 1101 735 1204 Reges
761 1097 822 1206 (t)
850 1127 896 1180 ex
930 1107 1003 1180 oris
1031 1096 1200 1180 Sennaar
1232 1106 1269 1180 δι
1292 1095 1402 1178 Elam
1434 1101 1584 1201 profeili
1608 1101 1777 1180 invadere
1801 1106 1845 1179 δι’
1866 1104 2000 1200 expila-

503 1299 505 1304 .
615 1243 654 1298 re
684 1223 872 1320 potuerint
906 1217 1041 1324 Gentes
1077 1213 1281 1326 Repbaim‚
1326 1219 1471 1296 accolas,
1496 1222 1572 1316 agri
1608 1211 1770 1308 Moab,
1811 1215 1996 1310 Ammon,

616 1330 755 1426 Edem,
788 1339 825 1414 δι
851 1336 976 1436 Regna
1006 1331 1188 1426 Sadame,
1226 1330 1441 1423 Gemma,
1477 1329 1665 1430 Adam,
1694 1350 1801 1436 atque
1832 1329 1998 1435 Seboim;

615 1469 772 1532 attamen
801 1453 1128 1532 Asllnlnus
1154 1477 1218 1531 eos
1249 1454 1459 1553 prosecutus
1487 1476 1574 1530 cum
1598 1457 1766 1530 tercentis
1794 1456 1830 1530 &
1858 1453 1997 1531 duode-

613 1573 746 1671 viginti
771 1573 855 1648 viris
879 1570 960 1647 illos
986 1570 1147 1664 devicit3
1182 1595 1305 1671 neque
1335 1575 1489 1668 majores
1520 1573 1644 1672 copias
1673 1567 1928 1647 Auernum
1943 1597 1998 1650 us

615 1688 652 1764 be
691 1688 822 1789 reliqui
856 1687 973 1786 Reges
1011 1711 1145 1785 cogere
1183 1702 1386 1787 potuerunt.
1449 1683 1552 1764 Adeo
1591 1688 1849 1765 habitatoribus
1888 1689 1997 1765 infre·

490 1837 491 1842 Ν
612 1828 727 1905 quens
764 1818 840 1881 erat
872 1802 1053 1909 AEgyptur
1095 1817 1177 1881 ante
1212 1801 1398 1880 Mosen
1432 1819 1560 1881 natum
1590 1861 1601 1892 ,
1636 1819 1677 1882 ut
1708 1801 1917 1884 Pntnso
1951 1805 1996 1882 de

611 1913 788 2026 israelitis
817 1921 974 2022 loquens
1004 1921 1141 1998 diceret
1165 1911 1264 2026 (v),
1307 1915 1352 1996 V
1348 1918 1449 1996 idetis
1467 1918 1637 2026 populum
1647 1913 1822 2026 filiorum
1855 1913 1997 1999 Israelis

542 2113 544 2116 ,
608 2060 669 2114 nos
685 2061 834 2134 numne
864 2031 914 2124 (3·
942 2032 1062 2115 robure
1078 2035 1236 2115 anteire:
1265 2037 1326 2125 δι,
1357 2061 1401 2112 ne
1427 2039 1582 2113 nimium
1596 2053 1810 2136 augerentur
1833 2039 1995 2117 &fortes
2058 2087 2061 2094 ι

611 2154 826 2243 evaderent,
852 2153 946 2252 juffit
973 2167 1012 2230 ut
1041 2157 1144 2254 pueri
1173 2169 1433 2252 mergerentur.

693 2267 782 2350 Haec
801 2273 882 2348 sunt
910 2270 1055 2368 vestigia
1078 2270 1199 2348 Terrae
1228 2270 1272 2347 ab
1286 2270 1447 2347 humano
1469 2292 1604 2368 genere
1623 2270 1765 2371 impleri
1789 2275 1992 2372 incipientis

605 2386 718 2489 paulo
752 2404 834 2466 ante
861 2386 1142 2464 Anniusnr
1173 2402 1364 2482 tenipora3
1393 2384 1441 2463 sic
1477 2409 1517 2462 ee
1545 2389 1647 2485 pagis
1675 2394 1846 2488 occupari
1878 2395 1993 2489 coepit

607 2505 645 2582 δι
679 2505 826 2606 oppidis
854 2517 961 2603 utque
995 2505 1168 2590 urbibus,
1197 2527 1277 2602 quae
1307 2505 1343 2578 in
1376 2501 1528 2599 Regna,
1554 2499 1736 2602 principib
1769 2507 1986 2598 minuscule,

552 2653 553 2658 Ν
603 2618 736 2698 deinde
761 2625 919 2718 majora,
948 2632 1231 2716 concreverunt,
1262 2618 1384 2695 donec
1409 2633 1497 2694 ortae
1515 2619 1596 2694 sunt
1617 2618 1840 2698 Monarchiae
1852 2619 1990 2731 AEgyp-

605 2734 667 2823 ei,
695 2725 868 2843 Affyriae,
896 2728 1127 2842 Babylonia,
1164 2724 1335 2821 Mete,
1366 2726 1544 2838 Persidis,
1572 2729 1751 2832 Graeciae,
1781 2741 1818 2814 &
1850 2733 1988 2829 Rome,

577 2843 682 2954 ¹q'uae
703 2856 824 2953 priore
852 2877 983 2951 magna
1002 2853 1155 2952 Imperia
1180 2855 1230 2928 cis
1260 2846 1403 2926 Indiam
1430 2851 1585 2928 fuerunt.
1650 2851 1810 2947 Quintus
1834 2852 1989 2948 b·Pnn-

599 2989 696 3046 nee
728 2971 798 3048 fuit
833 2971 971 3049 Anne
988 2992 1187 3048 uenus,
1223 2969 1260 3044 &
1288 2981 1406 3044 toturn
1438 2969 1632 3046 hominum
1670 2995 1785 3070 genus
1818 2970 1923 3050 simul
1949 2979 1987 3051 in

602 3075 773 3164 chalone
801 3088 863 3165 sub
892 3085 1000 3164 Noe
1038 3083 1182 3162 &filiis
1211 3087 1285 3180 ejus
1324 3083 1369 3161 ad
1402 3081 1618 3162 Punueu
1648 3088 1763 3188 usque
1791 3093 1985 3168 vixerunt:

594 3199 764 3280 haetenus
800 3204 971 3282 omnibus
1008 3225 1101 3280 unus
1129 3203 1281 3288 sermo,
1319 3224 1390 3276 unu
1427 3198 1675 3300 Respublica,
1709 3229 1779 3282 unu
1812 3204 1984 3306 Religio:

594 3315 729 3395 deinde
750 3319 898 3398 Terram
924 3321 1045 3419 partiti
1074 3319 1179 3406 sunt,
1211 3313 1350 3392 fortasse
1368 3315 1406 3393 N
1419 3340 1433 3391 1
1449 3343 1479 3395 u
1493 3341 1651 3396 euonr
1687 3321 1884 3398 rebellione
1913 3325 1981 3401 dis·

465 3454 467 3460 ·
570 3433 751 3536 turbati,
784 3439 820 3512 &
844 3435 956 3515 contii
983 3435 1141 3513 deserere
1168 3435 1293 3512 Turris
1322 3425 1465 3510 Babelis
1486 3433 1794 3516 aedificationem:
1822 3439 1981 3518 hincve-

568 3543 634 3664 ,τὸ
663 3575 727 3652 per
754 3553 964 3653 Regiones,
990 3576 1071 3655 que
1094 3554 1227 3654 cuique
1252 3551 1481 3649 obtigerant,
1509 3549 1625 3630 diffuli
1651 3554 1731 3632 sunt
1756 3555 1877 3634 secum
1895 3557 1980 3636 affe-

584 3683 708 3754 rentes
735 3669 857 3771 leges,
889 3693 1034 3760 mores,
1063 3672 1100 3745 &
1126 3670 1248 3762 saera,
1276 3691 1355 3768 quae
1380 3669 1423 3744 ab
1446 3670 1672 3747 incunabulis
1695 3671 1913 3765 didicerant,
1943 3677 1981 3752 tic

587 3789 719 3893 quibus
739 3790 930 3890 gubernati
944 3789 1084 3866 fuerant
1104 3783 1123 3864 ὲ
1151 3785 1258 3864 Noe
1284 3786 1320 3858 &
1344 3787 1419 3882 eius
1446 3783 1526 3860 filiis
1551 3809 1593 3863 ac
1622 3791 1981 3889 nepotibusthaele-

441 3950 443 3956 ·
585 3931 650 4007 ges
676 3907 870 3987 traditione
899 3903 1025 3983 delatae·
1055 3904 1201 3980 fuerunt
1226 3901 1271 3978 ad
1301 3900 1649 3993 Anu-nuruum,
1679 3903 1979 3987 Mereurss-

586 4043 647 4100 oe
662 4050 784 4116 cun,
812 4012 902 4128 Joe
917 4047 1010 4114 un,
1039 4023 1076 4099 ἃ
1105 4010 1237 4098 horurn¹
1263 4041 1432 4113 coaevos3
1458 4020 1494 4095 &
1520 4043 1641 4097 eurum
1661 4016 1842 4102 nonnulle
1859 4025 1980 4105 lerve-

583 4153 632 4220 tae
652 4141 697 4218 ab
720 4141 912 4243 Judicibus
937 4139 1169 4222 orientalium
1184 4135 1422 4237 Regionum:
1438 4139 1559 4242 itaque
1586 4137 1676 4220 dicit
1702 4138 1885 4245 Jouus,
1901 4133 1978 4252 (x)

1873 4253 1977 4366 qubtl

563 4437 567 4444 ¹
666 4465 707 4546 (r)
730 4453 832 4529 senes.
861 4453 945 4529 xlv,
966 4455 1083 4530 Denter.
1101 4456 1148 4542 ll,
1174 4479 1205 4544 91
1228 4474 1276 4528 12.
1307 4476 1435 4543 19³2}
1453 4465 1504 4543 ῃ.

666 4553 717 4626 (v)
735 4547 831 4610 Exuit
855 4547 877 4606 1.
912 4569 942 4620 9·
971 4562 1018 4607 η,

667 4635 713 4717 ii),
731 4625 798 4705 J0b·
827 4619 972 4699 xxiii.
1000 4643 1049 4707 u,
