5092 5906
631 343 968 436 anam
1027 348 1473 442 canonica
1544 272 1546 280 γ
1660 340 1712 445 13
1799 330 1806 349 '

323 501 468 593 Fortis,
497 511 630 607 ac'per
658 507 889 611 Syncopem,
924 500 1069 587 Mans.
1092 511 1213 606 .Quia
1231 511 1381 590 statuere
1405 509 1540 588 solebat
1557 504 1709 586 Colum·

327 646 390 698 nas
421 626 459 697 in
483 622 711 723 Regionibus
742 624 762 703 a
788 628 826 704 se'
850 627 1013 716 devitiis,
1044 629 1082 704 &
1111 633 1199 733 quia
1216 633 1292 727 ejus
1320 631 1521 713 exercitus,
1543 625 1630 701 dum
1645 623 1708 700 ad-

271 788 273 791 ψ
326 737 400 816 huc
424 756 525 840 pater
550 745 625 840 ejus
653 758 844 841 regnaret,
873 745 979 821 clavis
1009 746 1089 824 usus
1115 750 1248 824 eratin
1269 734 1492 851 Africanos,
1516 744 1600 851 ideo
1628 744 1706 836 ejus

285 959 287 963 Ι
324 854 545 936 fimulachris
573 862 703 940 addltae
726 862 872 940 fuerunt
896 862 1102 949 columna,
1134 867 1172 939 &
1202 864 1326 956 clava3
1356 877 1463 963 atque
1487 862 1547 937 hic
1569 860 1618 934 est
1644 857 1707 933 ille

324 969 611 1068 Haucuurs,
643 981 733 1079 qui,
763 983 862 1078 juxta
886 979 1218 1070 Crcuaournr,
1256 994 1359 1057 natus
1387 994 1462 1057 erat
1487 970 1702 1069 adNilum3
1823 1078 1825 1082 ᾗ

321 1089 707 1188 juxtaEuooxuru
748 1097 886 1175 occisus
927 1096 946 1175 l
984 1097 1255 1186 Trnione,
1296 1099 1334 1173 aa
1366 1100 1466 1193 juxta
1509 1093 1705 1171 Diono-

322 1231 423 1285 aun
460 1212 608 1290 natione
631 1214 745 1293 fuerat
780 1206 1007 1324 AEggyptius,
1042 1217 1078 1290 &
1116 1214 1189 1293 sere
1221 1228 1343 1292 totum
1374 1215 1504 1291 orbem
1532 1227 1705 1287 terrarum

320 1326 596 1426 peragraverat,
627 1324 888 1435 columnasque
921 1336 960 1409 ln
992 1322 1132 1435 Africa
1167 1332 1343 1430 posuerat.
1403 1327 1559 1431 Videtur
1597 1331 1706 1405 etlam
1866 1423 1869 1428 .
1966 1361 1974 1372 ’

322 1442 474 1524 Batus
501 1447 588 1536 ille,
623 1448 941 1551 qui,secundiau1
981 1449 1263 1527 Dronouurr
1293 1507 1303 1538 ,
1336 1446 1533 1526 Coloniam
1565 1445 1706 1549 sigyp-

319 1560 456 1641 tiorum
481 1566 674 1668 reliquerat
701 1559 908 1670 Babylone,
939 1569 976 1643 δι
1007 1568 1059 1642 ibi
1093 1569 1290 1678 instituerat
1323 1564 1535 1642 Sacerdotes
1562 1587 1704 1640 nuncu·

319 1694 426 1779 patos
453 1679 652 1775 Chaldaeos,
677 1689 741 1786 qui
770 1683 790 1762 l
823 1686 1051 1783 vectigalibus
1089 1682 1266 1761 solvendis
1296 1687 1478 1759 immunes
1509 1699 1632 1770 eraut,
1664 1686 1702 1760 dc

320 1797 435 1876 stellas
463 1800 719 1890 observabant,
748 1807 847 1881 utin
867 1800 1037 1908 AEgypto,
1083 1800 1265 1880 Hallenus
1293 1793 1400 1898 jum
1420 1800 1457 1874 δι
1479 1787 1595 1901 Israel
1609 1799 1703 1876 sum·

318 1918 387 1992 mis
412 1920 582 2015 angustiis
613 1923 761 1999 cruciati
783 1921 946 2008 suerant,
973 1921 1036 1998 sed
1060 1942 1107 1999 ex
1135 1919 1210 1996 hoc
1230 1931 1395 2018 tempore
1426 1937 1514 2017 pace
1548 1915 1703 1996 decenni

318 2036 428 2130 potiti
451 2035 545 2114 sunt
563 2035 652 2114 Asa
675 2040 715 2114 in
736 2029 839 2118 Judd
858 2052 1041 2137 regnante.

406 2204 502 2277 947.
538 2182 724 2291 AEtbiopes
751 2187 926 2265 invadunt
953 2184 1177 2293 AEgyptum‚
1210 2189 1247 2264 δι
1278 2181 1429 2265 oran
1456 2189 1495 2262 in
1520 2179 1614 2263 Nilo
1642 2187 1703 2264 de-

316 2298 496 2398 mergunt.
561 2302 798 2406 Quapropter
824 2303 1042 2382 Buansrn
1070 2303 1168 2385 Onr
1202 2304 1306 2380 soror
1330 2301 1441 2379 semet
1471 2302 1543 2401 ipsa
1579 2306 1702 2380 interi·

315 2417 384 2492 mit
412 2415 433 2494 ὸ
459 2415 592 2496 domus
621 2423 715 2499 teilo
746 2425 778 2499 se
806 2422 978 2516 dejiciens
988 2446 999 2513 ;
1024 2436 1060 2497 at
1087 2445 1217 2498 eorum
1244 2431 1358 2494 mater
1381 2418 1497 2509 lsrs,
1534 2419 1594 2497 vel
1624 2422 1702 2499 Aa·

313 2554 450 2611 rnna
481 2538 619 2614 vesania
650 2543 809 2639 capitur:
836 2535 923 2616 Haec
947 2537 1016 2613 fuit
1038 2537 1116 2616 sinis
1138 2539 1257 2638 Regni
1280 2535 1448 2614 Deorum
1465 2538 1504 2612 in
1527 2536 1697 2643 AEgppto.

404 2695 498 2777 946.
525 2682 700 2780 Magnam
716 2685 760 2761 ab
777 2684 866 2762 Asa
885 2685 1026 2764 cladem
1039 2688 1172 2786 accipit
1188 2683 1319 2763 Zeus
1332 2707 1397 2760 ru
1417 2682 1589 2793 AEtdiops.
1625 2688 1699 2769 1³0-

312 2797 422 2897 pulue
453 2796 630 2877 inferioris
671 2797 830 2907 AEgypti
856 2801 997 2902 Regem
1026 2800 1090 2880 srbi
1126 2818 1229 2902 optat
1260 2798 1624 2896 Osaasrruun,
1661 2811 1699 2885 &

312 2916 353 2989 in
390 2911 573 3022 AEthiopes
618 2915 770 2999 advocat
797 2919 961 2998 ducenta·
979 2912 1091 2997 millia
1137 2917 1380 3018 Judaemm,
1421 2919 1459 2995 dc
1504 2917 1699 3002 Pboenicio·

312 3023 408 3109 rum.
456 3028 599 3135 Regnat
625 3032 669 3110 M
683 3055 816 3136 unes,
830 3039 889 3116 vel
902 3038 1001 3115 nna
1014 3061 1144 3115 noers
1157 3057 1204 3116 rs
1224 3035 1344 3115 adhuc
1358 3039 1498 3134 juvenis
1511 3037 1716 3120 filiusZn

313 3175 466 3240 nacla,
505 3153 755 3233 &Clssrau

400 3323 497 3397 944.
532 3297 717 3408 AEtbiopes
747 3300 810 3378 sub
843 3299 1109 3382 Anrnornr
1135 3313 1269 3377 exeunt
1297 3323 1343 3375 ex
1370 3301 1540 3377 inferiore
1557 3298 1696 3412 AEgyp-

308 3431 377 3506 to,
404 3419 442 3494 dc
474 3408 686 3524 Memphim
712 3421 882 3496 muniunt
913 3434 1039 3496 contra
1067 3417 1407 3496 Osansrruunr.
1470 3416 1537 3497 His
1560 3420 1691 3512 bellis,
1735 3431 1738 3445 '

309 3537 349 3613 ἀ
378 3529 683 3641 Argonautarum
705 3536 941 3636 expeditione
961 3559 1135 3634 magnum
1159 3533 1421 3641 AEguptiacum
1439 3534 1637 3635 Imperium
1655 3541 1694 3616 in

305 3652 416 3735 frusta
440 3655 657 3759 discerpitur.
715 3653 1031 3734 Eunusrnaus
1061 3651 1307 3734 Scuauerr
1325 3649 1418 3731 filius
1446 3669 1573 3753 regnat
1589 3646 1692 3758 My.

306 3794 412 3850 cents.

397 3949 493 4024 943·
531 3900 770 4004 Evr'anaa
788 3920 935 4028 ejdsque
949 3934 1064 4002 mater
1079 3912 1361 4002 cranam
1383 3918 1535 4002 Litteras
1556 3928 1595 4003 in
1612 3921 1693 4004 sta·
1740 3955 1743 3960 ·

308 4043 395 4125 liam
417 4045 587 4122 inferunt

395 4211 490 4286 942.
525 4186 757 4280 Oneugue
787 4192 881 4267 inter
906 4186 1011 4268 Deos
1034 4185 1195 4267 recenset
1223 4183 1340 4263 filium
1370 4183 1594 4272 Senecas
1627 4192 1693 4276 sub

308 4297 490 4386 Baccur
511 4309 688 4397 nomine,
720 4305 857 4388 &ritus
885 4307 1037 4388 instituit
1066 4308 1202 4404 ineius
1230 4304 1429 4387 honorem.

1093 4452 1126 4535 C
1185 4474 1212 4534 a
1598 4473 1696 4549 940,
