4456 5800
593 337 672 400 122
903 301 1410 396 oruscuruar
1467 305 1678 398 xxrrr.
1734 403 1746 422 ,

405 473 541 546 ΗΜ
582 467 770 576 Sicyone:
803 469 917 548 adfuit
954 470 1075 570 primo
1116 471 1215 550 bello
1256 461 1433 548 Thebano.
1498 471 1683 551 Nonnulli
1713 463 1976 572 Jrrtrsourr'

582 596 619 672 δι
669 589 925 668 Parcarum
972 600 1117 688 ponunt
1156 593 1250 668 inter
1290 589 1532 672 Porrauur
1570 595 1607 670 &
1643 589 1975 682 Anansrurr3

582 713 644 791 sed
671 707 743 785 srne
769 705 840 784 ulla
870 707 1097 784 certitudine.
1529 692 1534 698 ’

671 825 874 906 Verifinnle
916 827 966 902 est
998 823 1256 906 terrain
1296 849 1380 906 tum
1416 825 1521 905 sociis
1568 824 1763 904 Lucaniam
1800 823 1978 902 advenisse

586 943 675 1028 Err
701 949 867 1034 vivente,
899 958 1007 1044 atque
1035 947 1260 1046 temporibus
1289 945 1557 1024 Samucrrs
1590 944 1760 1042 Regnum
1801 941 1979 1044 reliquisse

587 1065 669 1143 filiis
704 1061 946 1151 Marmar,
980 1061 1223 1153 -Euuorra3
1255 1064 1540 1163 Censorem,
1580 1067 1617 1142 &
1655 1063 1975 1142 Porrcrour.

586 1184 761 1262 Mures
807 1183 995 1280 pistrinum
1029 1181 1075 1258 ad
1115 1185 1277 1260 triticum
1318 1183 1536 1261 molendum
1571 1183 1770 1272 confecit,
1809 1183 1846 1258 δι
1879 1177 1978 1278 apud

591 1295 731 1378 Grecos
761 1304 899 1400 primus
920 1300 1140 1396 ejuscemodi
1167 1303 1376 1379 machinam
1403 1301 1623 1402 excogitasse
1646 1315 1814 1404 putatur3
1838 1298 1897 1374 sed
1917 1323 1979 1374 an-

589 1433 625 1497 te
659 1418 1059 1496 Turarocrruum
1100 1417 1251 1516 floruit,
1288 1421 1325 1497 da
1364 1422 1505 1500 videtur
1547 1444 1594 1497 err
1628 1401 1792 1526 AEgpp'to
1818 1419 1981 1493 triticum

590 1539 627 1615 dt
657 1535 807 1615 artifices
841 1534 1018 1614 arcessiffe.
1068 1535 1129 1614 Eu
1146 1562 1245 1614 nor
1259 1561 1311 1615 ns
1333 1537 1378 1616 M
1394 1563 1418 1615 r
1434 1565 1484 1618 rr
1498 1559 1578 1616 τις
1605 1540 1738 1626 frater,
1767 1549 1851 1624 aut,
1876 1539 1982 1633 juxta

590 1660 704 1744 alios,
742 1653 865 1742 lilius,
896 1649 1070 1760 Spartam
1094 1655 1286 1743 condidit,
1325 1655 1431 1757 eique
1465 1681 1603 1736 nomen
1631 1657 1718 1736 fecit
1749 1656 1794 1731 de
1826 1657 1981 1730 nomine

590 1776 673 1854 filiae
695 1774 763 1849 suaa
792 1773 1029 1866 Sauara,
1057 1799 1137 1874 quae
1159 1772 1529 1852 Lacauraurour
1558 1773 1739 1876 nupsit&
1770 1771 1983 1851 Eununr-

590 1915 689 1971 carr
724 1895 876 1992 peperit.
939 1890 1143 1970 Craton
1182 1892 1252 1970 fuit
1284 1907 1386 1993 pater
1420 1891 1583 1983 Purra,
1628 1892 1981 1997 quaternorum

595 2013 725 2111 genuit
756 2036 767 2104 3
799 2007 860 2086 hic
905 2009 1010 2086 duxit
1052 2008 1163 2087 filiam
1199 2009 1498 2092 Paunrours
1542 2011 1851 2091 Eurcnraao
1897 2030 1985 2106 pro·

591 2132 724 2228 gnati,
761 2131 797 2238 dc
833 2129 878 2204 de
911 2124 1042 2228 Regno
1073 2131 1265 2207 contendit
1292 2153 1378 2228 cunr
1402 2129 1530 2207 Nrso
1560 2129 1666 2208 Pau
1682 2153 1707 2204 r>
1723 2153 1735 2203 1
1752 2149 1817 2204 on
1835 2150 1875 2201 1s
1905 2124 1984 2201 filio

592 2249 631 2324 ἃ
651 2245 940 2334 AEoarrratre,
971 2246 1073 2347 quod
1099 2245 1410 2325 AEacusNrso
1434 2247 1662 2348 adjudicavit.
1707 2244 1985 2323 Pocucaora

592 2353 820 2470 qu'enr'am
845 2362 991 2452 invasu,
1027 2388 1107 2465 quae
1140 2377 1230 2443 tunc
1258 2364 1492 2444 solummodo
1524 2389 1641 2467 pagos
1670 2363 1906 2448 contInebat,
1928 2359 1987 2436 illi

591 2507 733 2560 nomen
763 2481 862 2558 dedit
893 2479 937 2556 M
956 2501 1178 2559 assaurs
1207 2486 1350 2570 uxoris,
1389 2485 1426 2558 dc
1458 2488 1496 2559 in
1534 2485 1575 2562 eal
1607 2484 1713 2560 urbes
1736 2479 1935 2558 aedificavit

690 2599 908 2677 Cacuors
941 2595 961 2675 ὲ
991 2590 1104 2676 Sarae
1132 2602 1222 2676 urbe
1248 2591 1406 2705 AEgypti
1433 2597 1553 2701 primd
1589 2593 1775 2705 Cyprum,
1816 2599 1853 2672 &
1882 2595 1986 2671 dein-

594 2717 640 2794 de
667 2714 834 2793 Atticam
861 2714 1018 2792 invetlus
1046 2718 1114 2793 est:
1147 2717 1185 2794 id
1212 2718 1374 2796 accidere
1402 2721 1524 2818 potuit
1548 2719 1604 2796 Sa
1622 2733 1785 2794 murra
1808 2717 1981 2800 vivente,

594 2859 660 2936 per
695 2838 797 2934 cujus
825 2836 936 2911 vitam
965 2837 1089 2933 potuit
1115 2835 1247 2912 ducere
1275 2833 1558 2916 Aoururrn
1584 2835 1694 2914 filiam
1723 2835 1921 2921 Acrnr,
1945 2831 1984 2906 &

593 2953 705 3055 paulo
730 2955 811 3054 post
826 2953 887 3030 hus
910 2955 1053 3052 nuptias
1077 2955 1116 3028 in
1145 2953 1286 3030 Acrae
1305 2975 1317 3028 1
1336 2953 1461 3030 locum
1485 2951 1624 3034 Atticae
1640 2955 1813 3054 Regnum
1833 2951 1985 3048 suscipe·

593 3097 659 3158 re,
691 3070 856 3173 illudque
890 3071 1093 3171 relinquere
1120 3069 1327 3149 Cularo
1362 3070 1451 3148 dom
1484 3073 1604 3150 adhuc
1630 3072 1756 3150 Saue
1786 3082 1955 3169 regnaret
1969 3121 1991 3155 ,-

591 3207 654 3266 aut
680 3188 764 3266 crim
793 3189 963 3268 Davrn
995 3186 1127 3285 Regno
1154 3189 1223 3265 srui
1250 3191 1429 3288 inciperet
1457 3217 1465 3267 :
1498 3215 1603 3280 nam,
1637 3191 1814 3268 diluvium
1849 3183 1983 3264 Dau-

594 3331 840 3385 clrrours
877 3308 1009 3384 accidit
1038 3305 1245 3384 Cuauao
1274 3305 1450 3384 thronum
1478 3325 1691 3410 occupante.

679 3423 844 3512 Eodem,
880 3438 1236 3524 praeter-propter,
1273 3447 1350 3526 quo
1385 3425 1632 3504 Parasous
1663 3487 1673 3517 ‚
1704 3425 1983 3514 turonus,
2087 3521 2093 3532 1

592 3537 770 3631 Larax,
806 3545 843 3618 dc
880 3545 1106 3630 litamur,
1142 3555 1310 3642 tempore
1342 3545 1434 3620 vixit
1464 3543 1691 3624 Oorrous:
1721 3545 1784 3620 hic
1814 3548 1851 3618 in
1887 3531 1986 3616 Bua-

592 3653 651 3736 til
677 3664 865 3760 regnavit,
892 3660 1097 3736 &suorum
1128 3661 1354 3736 subditorum
1386 3687 1464 3761 pars
1491 3663 1636 3742 fuerunt
1659 3655 1837 3763 Leleges;
1878 3659 1914 3734 dt
1941 3661 1988 3736 ab

594 3800 661 3863 eu,
696 3779 752 3855 vel
788 3782 832 3856 ab
871 3781 946 3876 ejus
986 3777 1062 3854 filio
1091 3775 1356 3864 Eraosruo
1384 3782 1531 3858 condita
1569 3781 1638 3857 suit
1671 3777 1913 3872 Enattara,
1945 3779 1986 3853 in

451 3915 455 3922 ·
593 3887 756 3985 Aurea,
789 3897 923 3974 scilicet
953 3895 1134 3972 aedificatae
1160 3895 1305 3972 fuerunt
1340 3897 1481 3999 aliquot
1518 3889 1675 3976 casra⁵ex
1707 3897 1830 3996 argilla
1856 3954 1867 3984 ‚
1906 3919 1989 3994 quae

595 4012 694 4112 lapsu
724 4014 897 4116 temporis
924 4017 960 4090 in
988 4013 1115 4090 urbem
1149 4028 1349 4092 creverunt.
1402 4016 1533 4094 Scribit
1558 4022 1850 4094 acosrrrus
1881 4009 1987 4112 qudd

595 4125 904 4210 Prrououaus
938 4134 1029 4208 vixit
1057 4145 1138 4207 ante
1169 4127 1419 4221 Oratorem,
1453 4138 1489 4212 δι
1531 4131 1634 4234 qudd
1661 4131 1880 4212 Oorurs
1911 4127 1988 4206 flo-

595 4249 669 4323 ruit
703 4253 803 4323 anois
830 4253 958 4345 viginti
991 4251 1093 4347 supra
1126 4248 1227 4324 mille
1253 4254 1519 4351 anteprimam
1545 4250 1829 4353 Olympiadem,
1853 4263 1894 4324 ut
1910 4250 1987 4344 jam

595 4361 765 4440 diximus.
828 4364 900 4440 Sed
935 4357 1241 4442 Acontius
1272 4385 1345 4446 erat
1379 4363 1544 4474 Argiuus
1582 4373 1618 4446 δι
1649 4371 1726 4446 haec
1758 4366 1921 4464 lingebat
1944 4379 1989 4442 ut

596 4479 785 4582 dignitatis
826 4481 962 4584 aliquid
1008 4486 1128 4583 patriae
1168 4483 1236 4562 suae
1275 4485 1492 4568 adscisceret.
1562 4481 1731 4596 Ogygrae
1772 4479 1991 4678 Graecidires

1757 4661 1760 4668 .
1929 4623 1993 4678 ce.
