4500 5812
652 447 731 529 358
1006 415 1513 508 OPUSCULUM·
1569 423 1739 513 XXV.

464 597 516 660 cn
532 593 558 658 t.
577 589 634 656 IX·
653 585 717 666 sub
737 575 906 662 Romanis
922 579 990 658 effe
1004 581 1129 680 coepir
1191 576 1394 680 Distinguit
1417 577 1551 658 Drnr
1567 607 1621 659 ru
1650 595 1837 685 tempora,
1868 589 2032 672 maurn-

650 697 711 782 md
727 699 910 801 descriptis
925 698 1094 800 Regum,
1112 712 1153 776 ut
1172 696 1268 798 ipsos
1284 710 1408 786 vocat,
1429 691 1699 810 Septemtrionis
1724 702 1761 779 dr
1778 695 1913 811 Austri
1927 712 2032 786 rebus

648 820 779 924 gestis,
809 819 874 919 qui
888 815 1029 918 Reges,
1046 816 1221 916 quidem,
1239 829 1340 892 erant
1357 814 1419 894 itta
1434 815 1511 894 duo
1529 815 1549 895 ὲ
1579 833 1736 916 quatuor
1756 823 1940 920 cornibus,
1953 849 2032 928 quae

647 932 787 1040 Juraeae
816 935 1184 1030 erantcooterminu,
1205 933 1326 1012 donec
1350 929 1505 1012 Romani
1523 925 1790 1016 Macedoniam
1806 941 2032 1039 deviciffent3

647 1052 782 1134 deiude
799 1067 922 1134 eutem
940 1057 1095 1151 majores
1114 1049 1391 1130 rerumrerum
1412 1055 1652 1144 muutiones,
1680 1079 1760 1156 quae
1785 1060 1880 1136 iuter
1898 1057 2034 1136 Gentes

648 1171 764 1252 Hirco
788 1171 1053 1272 repraesentatas
1082 1183 1303 1258 evenerunt,
1332 1185 1521 1248 memorat.
1555 1167 1634 1249 Hac
1652 1173 1833 1272 postremi
1859 1180 2035 1276 temporis

651 1287 808 1392 periodo
837 1287 1121 1366 exsurredurum
1150 1301 1225 1364 erat
1252 1307 1406 1387 parrum
1431 1309 1569 1376 cornu,
1603 1313 1645 1368 ac
1668 1304 1800 1391 potens
1822 1291 2032 1383 erasurum,

650 1421 902 1485 verumtamen
928 1406 1063 1484 viribus
1091 1429 1167 1483 uon
1186 1403 1269 1480 suis.
1318 1401 1476 1503 Singulis
1498 1407 1611 1484 tribus
1626 1409 1806 1508 prioribus
1826 1411 1923 1511 apud
1945 1409 1984 1490 D
1997 1437 2034 1488 s-

649 1545 842 1604 nruusn
863 1525 978 1602 bestiis
1001 1518 1204 1624 protinusd
1229 1521 1406 1624 sequentis
1431 1535 1516 1600 ortu
1537 1524 1744 1602 dominium
1767 1527 1925 1606 ablatum
1955 1530 2031 1618 est,

650 1646 734 1722 vitae
756 1658 876 1720 tamen
905 1659 1050 1742 tempus
1077 1639 1323 1742 produdum,
1348 1640 1445 1716 unde
1468 1641 1513 1716 ad
1542 1641 1642 1722 hunc
1660 1643 1771 1744 usque
1795 1645 1890 1722 diem
1907 1669 2033 1724 omnes

651 1763 742 1837 vivae
766 1773 991 1859 permanent
1041 1761 1132 1852 (a).
1182 1755 1303 1832 Tertia
1332 1759 1457 1851 exiis,
1480 1754 1635 1846 Pardus,
1660 1763 1698 1836 in
1716 1777 1873 1862 quatuor
1888 1762 1958 1840 suis
1978 1787 2036 1840 ca·

651 1879 787 1976 pitibus
802 1879 965 1974 regnavit
988 1875 1110 1952 donec
1131 1889 1276 1976 quartu,
1304 1865 1529 1953 Latinorum
1551 1874 1776 1978 Imperium,
1804 1884 2033 1976 exoriretur;

652 2007 761 2094 atque
784 1993 902 2083 illius,
921 1993 985 2070 iub
1002 1993 1138 2070 horum
1165 1991 1429 2093 potestatuum
1444 1992 1619 2092 produrta
1646 1995 1703 2072 est.
1736 1994 1869 2074 Pardus
1889 2001 1967 2088 hic,
1997 2002 2033 2074 in

654 2124 811 2212 quatuor
826 2110 895 2192 iuis
908 2111 1086 2212 capitibus
1107 2133 1289 2208 regnans,
1319 2109 1417 2186 idem
1441 2109 1543 2212 quod
1564 2109 1696 2190 Hirtus
1722 2137 1875 2212 regnans
1903 2118 1941 2192 in
1967 2114 2032 2190 suis

654 2231 849 2320 comibus,
877 2227 1080 2328 fignificat:
1108 2223 1274 2327 udedque
1301 2225 1362 2304 hic
1383 2230 1421 2302 in
1449 2227 1517 2304 suis
1536 2231 1708 2310 comibus
1734 2237 1897 2331 regnavit
1925 2231 2034 2334 usque

654 2344 699 2422 ad
729 2363 862 2446 quartae
885 2345 981 2446 apud
1012 2341 1195 2422 Profetam
1223 2345 1364 2441 bestiae,
1389 2338 1522 2422 scilicet
1544 2345 1692 2447 Imperii
1714 2346 1892 2442 Romani,
1928 2373 2034 2426 exor-

653 2477 743 2540 tum.
806 2465 860 2542 Ab
882 2463 976 2541 hisce
996 2477 1074 2539 turn
1100 2460 1161 2562 ipfi
1177 2461 1331 2560 potestas
1352 2463 1464 2538 ablata
1480 2465 1551 2551 est,
1581 2469 1651 2542 vita
1678 2483 1796 2544 autem
1819 2467 1881 2544 sub
1907 2489 2034 2544 eorum

654 2582 829 2686 potestate
847 2581 1031 2683 produda.
1079 2575 1231 2655 Romani
1247 2581 1284 2656 in
1310 2577 1489 2656 Gentibus
1502 2578 1638 2671 Hirco,
1667 2583 1739 2662 hoc
1766 2586 1955 2672 vaticinio,
1983 2607 2035 2658 re-

620 2715 623 2722 ’
655 2697 871 2798 praesentatis
891 2719 968 2773 nou
989 2700 1245 2776 continentur:
1268 2691 1409 2776 tantum
1433 2697 1587 2776 dominii
1608 2701 1767 2801 ipsorum
1788 2707 1825 2778 in
1842 2695 2034 2778 Graecosfit

654 2818 796 2892 mentio
812 2869 823 2904 ‚
849 2829 891 2892 ut
906 2814 1168 2914 distinguuntur
1184 2827 1347 2912 tempora
1363 2870 1372 2900 ‚
1398 2817 1527 2914 quibus
1548 2832 1678 2916 potens
1695 2814 1826 2897 Hirrus
1837 2833 1926 2898 ¹erut
1940 2819 2005 2896 suis
2021 2873 2030 2907 ,

653 2930 699 3008 ab
720 2934 784 3022 iis,
806 2935 936 3034 quibus
957 2957 1031 3010 non
1046 2934 1114 3009 iuis
1130 2933 1263 3008 viribus
1277 2948 1351 3008 erat
1369 2940 1509 3030 potens.
1534 2939 1639 3026 ,duis
1669 2939 1802 3012 viribus
1816 2951 1950 3036 potens
1964 2946 2034 3012 erat

656 3047 777 3128 donec
798 3053 841 3128 ab
866 3049 945 3152 ipso
970 3041 1107 3128 Latini
1123 3051 1328 3126 dominium
1358 3049 1556 3144 auferrent3
1577 3053 1699 3152 postea
1713 3055 1776 3130 iub
1799 3051 2037 3153 ipsorumim·

656 3169 761 3266 perio
782 3171 815 3245 ei
834 3167 1008 3271 produdta
1025 3169 1072 3244 est
1097 3171 1191 3254 vita,
1212 3181 1318 3268 atque
1336 3167 1413 3244 haec
1441 3171 1518 3264 ejus
1538 3171 1616 3244 vitoe
1633 3172 1824 3268 produdio
1844 3171 1962 3246 ultimi
1989 3193 2037 3246 ex

658 3285 742 3378 ejus
758 3287 929 3363 cornibus
951 3287 1181 3386 temporibus
1211 3287 1377 3385 contigit.
1424 3283 1520 3362 Tum
1547 3289 1644 3362 enim
1669 3283 1824 3378 Hirrus,
1852 3310 1931 3365 nou
1967 3285 2035 3364 iuis

658 3415 778 3479 autem
804 3405 964 3491 viribus,
987 3421 1118 3503 potens
1143 3401 1258 3480 evasit„

340 3541 345 3550 '
477 3544 594 3606 Parvum
744 3518 1081 3622 Quandoquidem,
1108 3543 1225 3620 ergo,
1256 3519 1330 3596 hoc
1349 3544 1464 3599 cornu
1494 3521 1566 3596 fuit
1586 3544 1703 3598 cornu
1728 3519 1830 3600 Hirci
1845 3578 1855 3611 ,
1873 3545 2035 3624 quaeren-

471 3646 566 3734 ‚00100
582 3620 626 3685 est
659 3631 747 3712 dum
764 3637 854 3714 iliud
873 3637 980 3714 nobis
1006 3641 1099 3716 inter
1117 3662 1174 3716 eas
1197 3635 1356 3726 Gentes,
1378 3637 1397 3717 ὲ
1427 3638 1557 3739 quibus
1579 3636 1683 3723 Hirci
1702 3663 1834 3740 corpus
1863 3641 2033 3735 constitit.

478 3725 616 3851 ᾒξῗξὲζ
657 3747 730 3830 Hes
742 3759 835 3833 inter
851 3753 1134 3834 exsurredturum
1147 3769 1221 3833 erat
1237 3778 1278 3832 uc
1294 3772 1423 3853 potens
1440 3755 1633 3832 evasurum.
1680 3753 1795 3834 Evufit
1813 3769 2037 3860 potensoer-

479 3851 713 3971 ¹¹¹aesr0st·sr'aes
735 3865 913 3980 Austrum
941 3865 991 3960 ὰ
1014 3862 1112 3976 vers
1105 3865 1148 3946 irs
1169 3865 1380 3963 Orientem,
1414 3866 1463 3961 ὁ·
1488 3859 1621 3978 verfhs
1651 3866 1841 3976 Regionem
1865 3895 2037 3953 amoenam

481 3949 644 4092 Ξζῗῇᾩέζ
658 3985 734 4101 (b).
775 3990 1047 4078 Surredurum,
1069 3995 1211 4092 itaque,
1235 4009 1331 4079 erat,
1358 3995 1396 4068 in
1421 3994 1462 4067 iis
1476 4012 1599 4066 earum
1614 3987 1788 4068 Gentium
1801 3993 1937 4094 plagis,
1957 4017 2036 4096 quae

482 4113 594 4190 renum
659 4111 901 4192 Occidentem
938 4114 1030 4187 inter
1054 4110 1089 4186 dr
1111 4109 1416 4208 Septemtrionem
1447 4120 1546 4184 erant
1573 4105 1664 4195 fitae,
1697 4122 1803 4212 utque
1829 4099 2037 4218 AEgyptum

657 4225 775 4304 versris
801 4231 836 4304 dr
856 4221 1005 4328 Syriam
1026 4229 1062 4301 &
1079 4219 1250 4325 Judaeam
1272 4223 1470 4327 Imperium
1489 4223 1591 4302 suurn
1613 4225 1850 4304 extensurum
1897 4223 2036 4306 Postre-

523 4367 527 4372 ·
658 4346 727 4424 mis
752 4345 895 4442 imperii
919 4359 1073 4448 quatuor
1095 4367 1273 4420 cornuum
1294 4343 1542 4443 temporibus,
1561 4365 1609 4418 ex
1629 4365 1706 4419 uno
1724 4341 1858 4422 horum
1875 4349 2036 4422 exoritu-

657 4469 847 4554 rumerat'3
863 4460 1052 4562 ceterique
1066 4459 1293 4538 subadurum
1307 4515 1316 4550 ,
1332 4476 1453 4540 utnon
1470 4459 1537 4537 suis
1554 4458 1944 4560 viribuszadjuvandum
1961 4480 2036 4543 erat
2136 4501 2146 4512 ,

1768 4647 1771 4652 .
1900 4580 2034 4660 viribus

746 4722 792 4802 (a)
812 4715 984 4799 [videque
1000 4716 1125 4784 diriuur
1138 4718 1175 4782 ad
1188 4723 1345 4806 pag.3or.]
1424 4715 1467 4804 (i)
1486 4718 1563 4808 Dur,
1575 4716 1626 4786 ubi
1638 4719 1740 4800 supra,
1758 4718 1798 4786 rs,
1811 4729 1847 4797 90?
1936 4728 1939 4743 ·
