4456 5800
263 287 603 420 canonos
631 313 860 412 Varii.
895 304 1525 416 innumerosam
1564 349 1616 433 87
1658 463 1677 526 h
1733 457 1795 519 i.

1633 465 1749 530 Crono
1763 475 1795 520 o·

224 491 378 570 fuerunt
404 507 501 566 anno
531 483 694 564 secundo
731 481 963 584 Olympiadis
990 483 1269 587 quadragesimae
1292 485 1481 588 septimae,
1515 492 1657 588 juxta.
1631 544 1795 628 gnomo·

224 609 420 691 Marmora
483 601 971 706 QuapropterPiiliion,
1002 607 1079 701 ejus
1105 605 1213 683 frater
1245 603 1507 696 Caranus,
1537 569 1649 685 Sag
1600 647 1702 694 ·rum.

224 725 656 822 iori‚Aiciuriou,
689 721 1021 809 CLISTHENES,
1050 721 1419 800 &Eunoiicus
1450 724 1611 823 ejusdem

221 846 332 924 aetatis
359 842 506 918 suerunt
534 897 546 929 ,
578 852 687 942 atque
715 838 916 916 floruerunt
948 839 1093 930 circiter
1123 840 1320 928 oslavanr,
1357 855 1418 918 aut
1442 866 1605 934 nonam,

225 958 485 1060 Olympiadem
517 957 627 1059 supra·
649 953 964 1058 quadragesimam.
1028 953 1127 1037 Ciam
1161 956 1201 1032 hi
1227 963 1301 1058 jam
1326 959 1435 1036 Senes
1472 960 1611 1053 allent,

227 1078 347 1158 floruit
383 1076 621 1170 cisium
650 1073 821 1153 Soron
859 1077 958 1153 enim
990 1074 1199 1155 Carsium
1234 1077 1411 1154 allocutus
1449 1080 1498 1156 est
1527 1105 1539 1174 ;
1573 1083 1611 1158 de

222 1197 482 1276 Aicmnou
514 1192 674 1294 hospitio
704 1195 877 1294 recepit,
909 1195 947 1270 ἃ
969 1187 1124 1300 Delphos
1150 1193 1256 1271 duxit
1290 1192 1478 1294 Legatos,
1517 1221 1611 1298 quos

217 1315 421 1398 ‘Ciiiasus
452 1313 596 1389 miserat
622 1311 667 1387 ad
683 1309 886 1390 Oiaculum
902 1312 1202 1410 interrogandum
1224 1337 1321 1391 anno
1339 1316 1459 1413 pslmo
1481 1311 1612 1414 Olym-

220 1433 336 1534 piadis
356 1426 659 1532 quinquagesima
676 1428 804 1518 sexta,
827 1425 1029 1508 secundiim
1051 1428 1268 1528 Marmora,
1292 1445 1401 1533 atque
1423 1430 1611 1512 accersitus

220 1548 328 1630 fuiti
351 1548 384 1628 C
392 1571 545 1636 RAESO,
568 1548 832 1646 &ingentibus
857 1547 1067 1626 muneribus
1090 1548 1221 1626 ansius.

308 1665 407 1760 Quia
440 1661 527 1742 verb
564 1677 760 1764 tempora,
794 1689 876 1768 quae
910 1668 1056 1742 initium
1086 1665 1236 1766 Imperii
1269 1654 1408 1771 Perstci'
1433 1665 1618 1767 praecelless

220 1777 324 1874 tants,
360 1785 397 1860 ἃ
424 1781 670 1860 Marmoribus
701 1785 891 1879 mandata,
913 1784 1063 1862 collesla
1090 1783 1238 1864 fuerunt
1269 1807 1315 1863 ex
1339 1797 1530 1884 tempore,
1550 1809 1617 1886 pes

219 1901 326 2004 quod
360 1901 510 2003 quisque
531 1899 611 1978 Rex
643 1898 814 2000 Regnum
841 1903 1022 1991 obtinuit,
1052 1903 1089 1978 di
1108 1902 1185 1978 haec
1207 1917 1375 2002 tempora
1394 1901 1514 1980 habita
1541 1903 1620 1981 lue-

221 2035 310 2097 runt
331 2018 603 2119 aequipollentia
622 2017 951 2114 Generationibus,
980 2020 1134 2120 quarum
1156 2034 1227 2096 tres
1244 2035 1428 2119 occupant
1446 2017 1519 2098 sere
1536 2045 1621 2100 cen-

220 2150 305 2214 tum
333 2160 448 2213 annos
464 2160 475 2230 ;
503 2138 541 2212 de
576 2139 661 2237 qnia
687 2153 872 2237 tempora,
914 2163 980 2238 per
1009 2162 1088 2238 quae
1116 2135 1248 2234 singuli
1285 2136 1405 2232 Reges
1441 2141 1619 2238 imperare

221 2254 367 2348 solent,
395 2255 558 2331 breviora
586 2253 669 2330 sunt
699 2256 739 2330 in
757 2335 758 2338 r
776 2258 916 2332 ratione
944 2253 1058 2332 feriare
1088 2267 1244 2354 quatuor
1271 2254 1315 2331 ad
1345 2251 1511 2354 septem:
1533 2258 1619 2332 iden

218 2371 499 2470 Chronologia,
537 2393 617 2473 quae
649 2372 688 2447 in
717 2371 775 2448 his
803 2371 1048 2450 Marmoribus
1075 2372 1236 2470 legitur,
1280 2373 1318 2448 dc
1349 2395 1429 2472 quae
1461 2375 1621 2472 pertinet

218 2491 267 2568 ad
296 2504 463 2588 tempora
486 2501 568 2567 ante
592 2484 799 2566 Mediamb
826 2489 964 2570 Crito
998 2490 1170 2568 devisiam
1200 2512 1297 2566 anno
1329 2507 1459 2590 quarto
1488 2488 1621 2591 Olym-

217 2609 339 2709 piadis
366 2605 612 2706 sexagesimae,
634 2607 681 2685 ad
708 2610 896 2684 veritatem
927 2605 1210 2709 quamproxime
1245 2607 1435 2696 accedet,
1468 2605 1495 2684 fi
1529 2625 1621 2686 tem-

216 2749 314 2836 pora
340 2725 436 2803 lianc
464 2725 652 2802 visionem
686 2727 923 2826 praecedentia
948 2727 1152 2803 brevientur
1171 2729 1209 2802 iri
1232 2729 1372 2803 ratione
1401 2741 1559 2825 quatuor
1573 2727 1618 2804 ad

216 2831 371 2944 septem.
435 2841 495 2922 Sic
528 2833 684 2922 Cirrhae·
716 2844 849 2921 domiti
890 2845 1038 2922 fuerunt
1073 2867 1170 2921 anno
1196 2842 1356 2933 secundo
1385 2839 1617 2946 Olympiadis

214 2959 500 3063 quadragsimae
534 2959 717 3060 septime,
744 2965 846 3060 juxta
879 2961 1090 3058 Mammea,
1118 2962 1230 3057 idest,
1255 2984 1352 3037 anno
1389 2965 1617 3062 quinquage-

211 3078 313 3156 simo
344 3095 474 3181 quarto
501 3092 583 3156 ante
548 3069 794 3156 teMediam
830 3080 1038 3174 subasiam3
1071 3081 1107 3154 &
1137 3079 1198 3157 hic
1227 3102 1408 3156 annorum
1443 3103 1616 3159 numerus
1714 3119 1718 3124 ·

213 3199 366 3276 brevior
394 3196 544 3274 satius
534 3221 573 3272 in
597 3197 734 3275 indicat
735 3197 754 3274 i
719 3201 930 3285 tratione,
961 3196 1001 3274 fit
1028 3219 1210 3276 annorum
1239 3199 1386 3295 triginta
1414 3199 1451 3274 &
1481 3200 1615 3295 unius,

214 3319 285 3419 qui
312 3315 476 3394 subducti
505 3337 551 3392 ex
581 3337 679 3392 anno
711 3330 840 3416 quarto
872 3314 1101 3416 Olympiadis
1134 3313 1358 3414 sexagesimae
1384 3315 1504 3391 statuit
1538 3315 1619 3393 Cir·

210 3433 326 3512 sliam
349 3431 524 3510 deeidam
548 3431 762 3509 ad'annum
788 3437 947 3532 primum
971 3431 1200 3534 Olympiadis
1222 3431 1526 3533 quinquagesimae
1549 3446 1619 3510 ter·

213 3557 299 3632 tiae:
321 3563 457 3652 atque,
481 3548 727 3629 Marmoribus
752 3550 879 3628 eidem
905 3553 1046 3628 ratione
1063 3551 1249 3638 concilis,
1272 3551 1485 3650 perspicitur
1507 3549 1620 3631 Aic-

215 3690 445 3750 neonem
468 3667 626 3766 hospitio
654 3667 824 3768 recepisse
849 3670 886 3746 dt
919 3665 1077 3773 Delphos
1100 3666 1237 3746 duxisse
1260 3665 1419 3766 Legatos
1452 3659 1616 3746 iiCiais·

216 3815 269 3868 so
301 3789 349 3866 ad
379 3780 580 3883 Oraculum
611 3786 874 3864 consulendum
910 3785 1065 3875 missos,
1103 3812 1199 3866 anno
1233 3789 1353 3886 primo
1386 3783 1617 3886 Olympiadis

213 3902 529 4007 quinquagesima
555 3903 685 3981 odavae
698 3931 709 3992 3
733 3904 867 3982 scilicet
892 3920 1023 4006 quarto
1051 3929 1148 3983 anno
1184 3918 1266 3981 ante
1298 3899 1407 4004 quiin
1431 3895 1566 3980 Sardes
1598 3901 1618 3982 a

213 4025 364 4106 cisio
398 4019 530 4104 [ababli
555 4019 730 4098 fuerunt:
760 4021 1257 4122 pariter,PisisriisT1
1297 4020 1501 4122 Tyrannis,
1536 4045 1618 4123 quae

211 4137 378 4224 Athenis
402 4198 412 4229 ,
451 4134 652 4216 secundiim
679 4137 897 4228 Marmora,
928 4144 1068 4238 incepit
1097 4165 1194 4220 anno
1223 4153 1354 4240 quarto
1380 4135 1613 4238 Olympiadis

210 4256 531 4362 quinquagesima
557 4271 708 4354 quartae,
731 4259 885 4346 recidit,
910 4261 992 4357 post
1022 4257 1176 4338 similem
1204 4253 1466 4336 comessionem
1492 4257 1536 4336 ad
1556 4282 1618 4334 an·

214 4401 316 4455 num
350 4377 499 4453 tertium
525 4370 756 4475 Olympiadis
787 4374 1288 4478 quinquagesimae-septimae,
1321 4375 1358 4452 dt
1381 4368 1521 4451 idcircd
1544 4373 1619 4452 So-

214 4517 326 4573 ros
354 4493 456 4573 diem
475 4491 648 4573 ultiuium
672 4493 765 4572 obiit
790 4515 886 4573 anno
904 4511 1034 4598 quarto
1055 4493 1286 4601 Olympiadis
1315 4490 1484 4592 ejusdem.
1529 4487 1619 4570 Haec

1546 4631 1624 4686 nie·
