5092 5906
794 335 851 415 74
1086 304 1669 397 OPUSCULUM
1718 307 1924 397 XXIII?

599 463 693 529 cll.
712 462 734 527 ¹·
789 472 908 552 nostra
930 472 975 550 de
1008 461 1266 573 Argonauticd
1291 467 1526 568 expeditione
1545 465 1731 544 referenda
1753 468 1797 544 ad
1827 491 1988 554 annum,
2021 468 2180 559 circiter,

787 589 1100 694 quadragesnnum
1127 588 1275 664 tertium
1303 589 1384 685 poll
1402 586 1528 663 Sauo
1544 611 1574 662 nt
1591 609 1652 663 ou
1666 609 1703 662 rs
1729 588 1915 662 interitum
1931 611 1941 677 ;
1967 591 2073 672 nans,
2091 603 2183 666 ‚turre

786 711 962 809 temporis
992 707 1167 786 ardebant
1197 709 1235 780 in
1273 697 1432 816 AEgypto
1461 706 1581 781 turbae.
1645 704 1822 784 Amano
1840 727 1962 780 suras
1996 705 2182 801 probabile

789 829 838 904 est
860 827 1039 904 reversum
1065 815 1255 928 AEthiopici
1285 820 1322 898 in
1360 813 1588 927 AEgyptum,
1624 821 1770 923 ejusque
1802 823 2010 899 inferiorem
2044 838 2183 920 partem

791 943 968 1022 domuisse
996 945 1139 1021 circiter
1169 943 1252 1018 oslo
1279 965 1394 1018 annos
1428 941 1627 1040 posthanc
1659 940 1934 1040 expeditionem
1958 963 1968 1030 3
2003 938 2183 1038 &impe-

786 1065 845 1139 rio
872 1063 935 1139 suo
962 1063 1013 1138 ibi
1047 1061 1227 1148 stabilito,
1257 1055 1466 1136 Exercitum
1494 1062 1534 1134 in
1565 1051 1742 1164 Perfidem
1769 1055 1930 1146 duxisse,
1959 1079 2034 1156 quo
2053 1057 2184 1134 Natio-

787 1203 879 1256 num
900 1177 1142 1259 Orientalium
1165 1165 1422 1256 rebellionibus
1435 1191 1658 1266 occurreret,
1681 1175 1805 1254 resisto
1829 1174 1926 1254 Pso
1941 1193 2032 1250 uuo
2049 1166 2184 1251 Μεηι·

786 1294 867 1403 phi,
898 1301 981 1398 qui,
1011 1297 1048 1373 se
1068 1296 1233 1382 absente,
1256 1297 1474 1394 gubernaret
1501 1293 1734 1402 AEgyptum,
1760 1319 1806 1372 ac
1825 1305 2006 1372 moratum
2032 1291 2099 1368 else
2121 1295 2184 1370 ali·

789 1413 951 1515 quandiu
977 1404 1100 1519 Sufae,
1131 1426 1238 1512 atque
1254 1403 1511 1490 lltemnoniam
1540 1412 1791 1508 aedificavisse,
1818 1412 1913 1488 hanc
1934 1408 2072 1487 Urbem
2100 1435 2182 1488 mu·

788 1533 927 1610 niendo
960 1546 1131 1633 tanquam
1155 1529 1305 1631 Imperii
1333 1530 1576 1631 Metropolim
1601 1535 1639 1608 in
1666 1531 1736 1608 illis
1757 1528 1997 1629 Regionibus.

874 1652 1176 1728 Auouoorus
1206 1647 1299 1725 filius
1326 1647 1554 1737 lllruots,
1595 1647 1714 1738 ciam,
1746 1649 1866 1725 adhuc
1892 1647 2019 1733 Puer,
2056 1638 2182 1724 Victor

787 1763 904 1844 suisset
926 1771 965 1843 in
1008 1763 1189 1872 Athenaeis
1225 1765 1338 1856 ludis,
1378 1771 1442 1867 qui
1464 1765 1612 1865 singulis
1632 1783 1789 1870 quatuor
1812 1768 1914 1843 annis
1941 1758 2094 1840 Athenis
2123 1789 2186 1842 ce-

789 1882 1020 1961 lebrabantur
1041 1943 1052 1973 ,
1078 1898 1206 1961 contra
1233 1883 1343 1960 fidem
1364 1886 1408 1962 ab
1418 1883 1554 1962 lnridis
1575 1887 1645 1962 fuit
1662 1890 1925 1983 interemptus3
1946 1881 2079 1982 quade
2097 1906 2181 1960 cau·

784 1997 823 2077 tl
847 1999 952 2078 Mssa
967 2025 1016 2078 os
1039 1993 1178 2078 belluni
1198 1995 1470 2104 Athenierfibus
1497 2004 1637 2091 intulit,
1664 2000 1796 2102 eosque
1821 2003 1947 2098 coegit
1971 1999 2016 2076 ad
2036 2003 2181 2076 mitten-

789 2116 859 2195 dos
893 2117 1040 2216 lingulis
1063 2119 1148 2196 otlo
1178 2121 1279 2195 annis
1307 2122 1347 2194 in
1378 2110 1526 2197 Cretam
1556 2121 1695 2220 septem
1729 2117 1863 2196 Pueros
1893 2117 2110 2206 imberbes,
2143 2119 2181 2192 &

786 2235 944 2328 totidem
960 2234 1161 2335 Virgines,
1186 2261 1317 2311 munus
1343 2239 1395 2324 ei,
1428 2240 1493 2336 qui
1521 2238 1679 2336 palmam
1710 2236 1859 2336 adeptus
1887 2233 1971 2312 esset
1992 2237 2030 2313 in
2058 2233 2181 2311 sunill-

788 2352 856 2428 bus
885 2351 997 2430 Ludis
1026 2357 1064 2429 in
1096 2345 1208 2433 Crete
1235 2355 1403 2431 institutis
1432 2357 1469 2430 in
1496 2353 1677 2431 honorem
1700 2353 1874 2431 Aunuo
1890 2376 1993 2428 ost.
2037 2348 2089 2430 Hi
2108 2352 2181 2430 Lu-

788 2469 828 2544 di
853 2471 1018 2546 ridentur
1037 2470 1103 2548 atti
1129 2469 1272 2572 quisque
1293 2463 1527 2547 Ottaeteride
1546 2477 1715 2563 ineunte3
1734 2472 1770 2546 &
1789 2469 1885 2547 Ludi
1910 2461 2075 2546 Athenaei
2094 2468 2182 2571 qua-

789 2609 862 2686 que
903 2581 1191 2674 Tetraeteride,
1230 2611 1310 2688 quae
1353 2590 1390 2662 in
1419 2578 1561 2684 Creta,
1590 2591 1627 2664 &
1657 2579 1807 2665 Graecid-
1841 2588 1953 2674 allatae
1983 2569 2180 2665 fuerant'a

787 2698 1024 2782 Phoenicibus.
1070 2701 1167 2783 Ciam
1201 2719 1321 2782 autem
1352 2704 1425 2781 hoc
1456 2703 1656 2783 Puerorum
1692 2707 1869 2781 tributum
1896 2701 2003 2780 tertid
2037 2705 2181 2784 solven-

787 2820 878 2897 dum
913 2821 998 2900 ellet
1016 2821 1042 2911 ,⁴
1070 2822 1177 2910 idest,
1216 2822 1473 2922 septemdecim
1499 2827 1599 2900 annis
1628 2823 1710 2922 post
1735 2821 1845 2897 linem
1879 2822 2036 2921 praeditis
2068 2823 2179 2913 belli,

785 2937 824 3011 δε
850 2940 1102 3040 undeviginti,
1135 2954 1197 3017 aut
1219 2942 1373 3040 viginti,
1401 2942 1569 3030 circiter,
1597 2941 1679 3040 post
1709 2938 1981 3018 Auonoosr
2008 2940 2176 3031 caedem,

781 3051 1012 3136 Tussuus
1038 3055 1166 3135 Viilor
1188 3057 1274 3147 suit,
1301 3060 1338 3135 &
1365 3083 1413 3136 ear
1442 3049 1556 3136 Cretd
1582 3057 1687 3134 rediit
1712 3081 1797 3135 cum
1817 3057 2059 3134 siranus
2086 3057 2182 3136 Μι-

779 3185 896 3252 nor‘s
916 3175 1012 3269 filte;
1046 3175 1107 3263 dr,
1140 3172 1226 3254 ciam
1255 3172 1444 3274 appulisset
1469 3175 1515 3254 ad
1545 3169 1714 3252 Naxum
1741 3189 1802 3253 aut
1834 3169 1946 3252 Diam
1983 3165 2183 3280 insulam,

780 3291 834 3366 ibi
859 3289 1132 3369 Anrnnusnr
1160 3292 1515 3394 (m),deseruit,quae
1541 3289 2002 3394 captafuitbGrsuco
2033 3289 2162 3403 AEgyp
2305 3363 2310 3370 .
2397 3299 2398 3306 '

724 3439 728 3450 ·
781 3403 832 3481 tiu
864 3413 1004 3499 exiis,
1043 3412 1106 3510 qui
1132 3407 1303 3488 Clalsrbus
1342 3425 1547 3510 praeerant,
1577 3413 1614 3486 &
1651 3413 1690 3488 in
1718 3410 1901 3488 amoribus
1931 3412 2001 3490 fuit
2036 3435 2180 3510 magno

781 3519 1018 3613 Bnccrro,
1064 3540 1153 3604 tunc
1184 3553 1229 3605 ex
1264 3520 1375 3604 Indici
1414 3551 1500 3607 cum
1535 3529 1682 3606 victorii
1707 3529 1848 3606 reverso
1882 3581 1895 3624 ,
1927 3553 1970 3606 ac
2017 3552 2065 3606 ex
2107 3532 2179 3609 illo

778 3639 934 3742 suscepit
961 3644 1054 3721 duos
1078 3633 1148 3749 (n)
1173 3643 1328 3723 Liberos
1357 3644 1699 3736 Puuutu‘rum,
1734 3648 1772 3722 dc
1796 3644 2179 3728 Eumenourrsrr

779 3762 843 3860 qui
879 3755 1101 3866 Argonautae
1127 3763 1281 3840 fuerunt.
1343 3763 1572 3842 Baccarus
1601 3765 1663 3842 iste
1696 3763 1937 3864 deprehensus
1968 3765 2085 3842 fuerat
2132 3772 2180 3845 in

774 3871 1042 3978 Phrirr'r'dcum
1071 3879 1273 3956 Venetas
1296 3895 1413 3959 matre
1435 3881 1618 3973 AEuurs,
1654 3885 1755 3981 juxta
1786 3875 1844 3988 (e)
1871 3881 2176 3976 Homuaum,

771 3992 888 4071 statim
913 3997 1110 4100 antequbm
1138 3988 1406 4104 Hellespontum
1429 4001 1612 4090 transrret,
1648 4003 1685 4077 &
1715 3993 1919 4078 Thraciam
1948 4001 2135 4080 invaderet
2163 4025 2179 4084 ε

769 4107 848 4211 Ipse
873 4113 1023 4193 duxerat
1050 4116 1333 4195 sirinnan
1367 4118 1567 4197 Mruors
1597 4119 1735 4211 filiam,
1763 4115 1965 4202 secundabat
1994 4112 2181 4235 (p)Hs.

865 4349 920 4426 (m)
943 4346 1085 4413 Euanthen
1101 4352 1177 4428 apud
1207 4351 1370 4416 llthenaeum
1395 4351 1496 4430 L67.
1515 4375 1545 4436 p.
1563 4365 1638 4439 2963
1664 4345 1679 4376 '⁹
1957 4343 1967 4349 ⁴¹
2140 4349 2151 4362 ’

852 4436 897 4511 (n)
924 4431 1051 4507 Hyginus
1075 4431 1143 4492 Fab,
1164 4450 1206 4502 14.
1469 4479 1471 4486 .

841 4514 896 4592 ’(ο)
932 4510 1055 4572 llomers
1079 4512 1170 4590 Odys.
1186 4511 1216 4574 L.
1239 4525 1266 4584 8.
1294 4533 1320 4575 v.
1342 4527 1414 4594 2922*

852 4596 914 4677 (p),
927 4591 1044 4658 Hesrod.
1059 4591 1211 4676 Theogen,
1231 4614 1257 4660 v.
1277 4614 1350 4674 945.
