4456 5800
333 423 614 517 CHRONOL.
645 421 846 512 VETER.
885 419 1058 514 REGN.
1091 423 1452 518 EMENDATA·
1544 463 1593 534 93

208 586 275 671 aut
291 585 348 667 lx
359 611 377 666 t
389 610 461 674 ar:
486 596 595 686 atque
615 575 836 664 Latinorum
850 585 963 686 aliqui
985 587 1022 662 in
1038 575 1250 664 oratorum
1272 587 1482 666 sententiam
1500 591 1597 688 prin·
1614 586 1781 686 qaronoto.

211 711 316 810 cipio
340 703 463 808 dilapsi
497 701 600 793 sunt,
627 705 717 782 dum
746 727 828 782 eam
856 700 1067 782 aedificatam
1089 701 1312 784 affirmabant
1336 706 1356 784 a
1381 703 1597 788 Ronuro
1614 671 1782 817 ffim'

205 826 288 905 silio
320 837 383 903 aut
421 835 559 923 nepote
586 819 756 900 AExen.
809 820 1006 901 Trnrrus
1034 815 1179 900 Siculus
1205 824 1283 901 vult
1307 847 1386 902 eam
1412 827 1599 904 conditam

207 939 579 1029 suilleitRoMuLo
611 957 748 1042 nepote
774 939 934 1028 AEyrrre
956 939 1038 1041 plue
1065 937 1176 1041 quim
1203 956 1357 1020 centum
1386 945 1487 1020 annis
1516 959 1598 1022 ante
1695 1013 1701 1021 .

209 1059 451 1165 Olympiadas
464 1085 476 1155 3
508 1059 603 1137 hanc
634 1059 847 1140 sententiam
872 1057 1011 1137 secutus
1041 1059 1092 1136 est
1121 1059 1332 1138 Nrrvrus
1365 1057 1502 1152 Poeta,
1536 1065 1601 1165 qui

208 1195 285 1258 erat
312 1181 443 1279 viginti
467 1181 568 1256 annis
593 1191 679 1256 natu
699 1181 816 1276 major
836 1173 947 1279 quim
964 1174 1180 1269 Ennius,
1208 1177 1246 1255 δι
1275 1201 1374 1256 arma
1402 1179 1530 1258 tolerat
1562 1185 1601 1256 in

205 1301 331 1402 ptimo
354 1295 454 1374 bello
481 1290 652 1385 Punico,
687 1290 831 1398 ejusque
857 1295 944 1371 belli
973 1293 1157 1372 historiam
1180 1295 1371 1396 scripserat
1419 1293 1602 1375 Hactenus
1663 1323 1665 1330 ·

204 1413 299 1495 nihil
325 1417 415 1496 certi
438 1413 673 1492 constitutum
696 1414 839 1508 fuerat3
868 1409 926 1489 sed
951 1413 996 1490 ad
1021 1411 1334 1514 quadragesimum
1349 1426 1411 1492 ant
1425 1418 1604 1517 quinqua·

203 1532 385 1635 gelimum
423 1555 560 1609 annum
596 1531 700 1633 supra
733 1527 969 1609 centefimum
1003 1531 1047 1607 ab
1087 1534 1236 1610 interitu
1275 1531 1372 1610 aaa
1390 1555 1602 1610 xnnoxr

204 1643 359 1754 Magni
391 1649 465 1727 dici
494 1661 661 1750 coeptum
695 1649 746 1726 est
773 1641 927 1726 Romam
956 1651 1088 1726 iterum
1119 1647 1330 1728 aedificatam
1360 1647 1460 1728 fuisse
1479 1648 1498 1728 ir
1517 1648 1603 1729 Ro-

205 1801 344 1856 nuno
376 1771 415 1847 ira
429 1767 575 1845 decimo
601 1770 732 1870 quinto
759 1788 836 1844 aevo
867 1766 949 1868 post
973 1768 1161 1846 excidium
1189 1759 1330 1871 Trq'ae3
1362 1767 1452 1844 dum
1483 1791 1602 1848 aevum

203 1885 402 1976 dicebant,
431 1881 683 1984 intelligebant
712 1883 839 1985 Regna
876 1881 1021 1985 Regum
1048 1877 1274 1962 Latinorum
1312 1886 1368 1964 vel
1398 1879 1530 1976 Asbae,
1562 1886 1601 1962 δι

203 2006 332 2105 primis
365 2003 643 2105 quatuordecim
676 2000 813 2102 Regnis
844 2001 1079 2100 tribuebant,
1121 2005 1300 2101 circiter,
1346 2017 1600 2104 quatercentos

202 2122 361 2220 triginta·
373 2121 466 2198 duos
484 2141 621 2211 annos,
647 2120 879 2223 sequentibus
901 2137 1023 2196 autem
1047 2121 1186 2221 septem
1212 2117 1374 2220 Regibus
1392 2115 1509 2200 Rome
1533 2123 1601 2199 du·
1698 2189 1709 2204 .

204 2252 332 2316 centos
362 2238 807 2339 quadragintaquatuor,
834 2241 897 2338 qui
925 2238 1000 2315 duo
1028 2241 1169 2315 numeri
1191 2235 1295 2313 fimul
1325 2238 1461 2339 sumpti
1485 2238 1600 2315 consi-

202 2359 307 2433 ciunt
338 2353 523 2434 sexcentos
550 2356 735 2456 sexaginta
765 2355 827 2432 sex
855 2379 969 2432 annos
1001 2351 1021 2431 ir
1058 2346 1172 2457 Troici
1203 2354 1358 2446 deleta,
1397 2354 1598 2434 facundiam

204 2472 277 2550 hor
300 2472 592 2573 Chronologos3
618 2471 680 2552 sed
699 2488 848 2572 ‚tempus
869 2472 944 2549 hoc
968 2475 1076 2550 nimis
1103 2472 1261 2571 longum
1288 2473 1337 2549 est
1365 2496 1435 2573 pro
1464 2487 1598 2550 naturae

198 2589 330 2687 cursu3
355 2604 464 2694 atque
487 2591 555 2671 hac
578 2594 855 2692 computatione
881 2583 1002 2667 Roma
1029 2589 1280 2700 fundationem
1301 2589 1345 2666 ad
1362 2591 1498 2667 sextam
1526 2590 1598 2668 five

200 2707 395 2814 septimam
421 2705 685 2810 Olympiadem
712 2709 917 2788 referebant
939 2731 951 2802 3
985 2705 1155 2787 Vaxxo
1184 2731 1264 2784 earn
1296 2707 1470 2786 slantebat
1496 2731 1594 2786 anno

198 2829 323 2927 primo
357 2827 521 2928 septimo
545 2821 777 2927 Olympiadis
810 2829 848 2906 &
885 2819 1125 2904 Rornanorum
1150 2823 1313 2928 plerique
1351 2823 1592 2904 erxonr

198 2942 465 3040 assentiebant3
504 2943 563 3023 sed
588 2941 736 3023 difficile
766 2945 816 3024 est
844 2948 939 3023 inter
974 2943 1009 3020 se
1043 2944 1239 3024 conciliare
1273 2945 1593 3021 ratiocinationem

196 3061 316 3152 hanc,
347 3063 385 3140 de
409 3063 589 3142 solemnes
618 3077 752 3142 natura
776 3063 886 3163 leges.
949 3046 1114 3150 Etenim,
1143 3085 1190 3140 ex
1222 3085 1299 3165 quo
1333 3061 1592 3162 Chronologia

197 3195 297 3259 certa
321 3182 391 3271 est,
420 3181 564 3260 nullum
580 3183 730 3260 invenio
749 3179 962 3280 exemplum
978 3183 1015 3255 in
1041 3179 1215 3269 historia,
1239 3173 1342 3282 qudd
1363 3178 1503 3280 septem
1519 3178 1591 3259 Re-

196 3322 290 3398 ges,
314 3321 474 3400 quorum
500 3301 664 3402 plerique
682 3299 830 3377 fuerunt
855 3297 1050 3385 interfecti,
1073 3295 1206 3396 Regno
1230 3299 1341 3398 potiti
1370 3297 1505 3375 suerint
1526 3319 1592 3398 per

197 3415 382 3494 ducentos
403 3418 641 3520 quadraginta
669 3431 825 3519 quatuor
849 3440 964 3495 annos
991 3416 1077 3491 serie
1107 3415 1292 3492 continua.
1356 3414 1592 3510 Quatuorde-

196 3539 274 3612 cim
301 3531 430 3635 Regna
460 3533 606 3636 Regum
631 3527 876 3624 latinorum,
904 3535 922 3623 (
947 3531 974 3609 sr
998 3535 1132 3635 cuique
1167 3536 1297 3631 viginti
1325 3539 1410 3612 anni
1434 3534 1595 3611 tribuan-

195 3663 283 3750 tur,
307 3653 500 3756 adaequatir
524 3644 778 3761 rationibus,)
799 3651 1001 3732 conficiunt
1026 3651 1203 3737 ducentos
1231 3651 1420 3750 ostoginta
1447 3673 1591 3739 annor,

196 3793 294 3872 quos
319 3768 347 3848 si
372 3769 579 3850 dinumeret
602 3769 622 3849 ir
650 3761 765 3878 Trqjae
789 3771 961 3860 excidio,
988 3767 1091 3845 finire
1117 3772 1274 3869 reperies
1304 3770 1350 3847 ad
1377 3768 1592 3847 tricesimam

196 3887 362 3966 ottavam
389 3887 682 3994 Olympiadem
704 3882 850 3990 smgulis
877 3901 998 3966 autern
1024 3885 1160 3987 Regnis
1188 3885 1326 3988 septem
1348 3885 1493 3987 Regum
1522 3878 1593 3964 Ro-

195 4028 411 4098 manorum,
446 4005 530 4085 crim
560 4031 688 4086 eorum
724 4021 880 4108 quatuor
907 4006 965 4083 vel
995 4009 1156 4106 quinque
1188 4006 1324 4084 fuerint
1354 4007 1592 4092 obtruncati,

195 4127 237 4202 de
264 4149 360 4202 unus
385 4125 583 4229 expulsus,
607 4127 718 4204 tribui
745 4123 916 4225 possunt,
948 4123 1136 4201 moderati
1169 4123 1326 4225 quddam
1348 4125 1593 4223 computatio·

192 4265 267 4331 ne,
296 4244 508 4346 quindecim
529 4258 590 4323 aut
603 4243 785 4322 sexdecim
805 4243 908 4330 anni,
934 4244 1091 4318 rationes
1108 4241 1403 4342 compensand03
1431 4241 1591 4319 tribuan-

192 4372 256 4439 tur
287 4361 544 4463 septemdecim
573 4386 590 4462 ,·
618 4361 704 4440 inde
732 4361 996 4440 obtinebantur
1034 4372 1181 4437 centurn
1214 4361 1444 4460 undeviginti
1470 4361 1590 4454 anni3

191 4481 291 4580 qui,
328 4481 568 4559 retroversum
602 4476 849 4579 iRegifugio
884 4478 1100 4555 dinumerati
1126 4480 1299 4567 ,iterum
1331 4479 1512 4556 deducent
1535 4476 1592 4553 'ad
1635 4509 1665 4530 ¹·

193 4593 413 4678 meefimam
431 4601 597 4680 osterum
623 4596 913 4703 Olympiadem:
946 4596 1078 4792 quibpyls
1100 4597 1245 4677 duobus
1263 4597 1460 4676 ratiociniis
1477 4587 1592 4791 prpa

1114 4736 1131 4807 3
1472 4735 1501 4791 ae
1571 4752 1588 4768 ·
