4456 5800
622 307 713 491 168x
967 379 1478 482 OPUSCULUM
1541 379 1754 476 XXIII.

426 555 526 624 Gli.
555 560 726 640 neunt,
762 553 799 630 dc
825 570 935 650 quam
965 541 1110 628 Arabes
1137 540 1377 622 Historiarum
1413 539 1616 643 Scriptores
1642 535 1774 646 Mefir
1800 543 2012 647 appellant?

616 667 787 750 condidit
811 666 1004 744 dumtaxat
1025 665 1118 744 aedes
1147 661 1238 762 ipsas
1261 666 1510 754 Vuncsno
1541 661 1680 748 sacras,
1707 663 1775 752 dt,
1806 667 1920 762 quiin
1935 669 2012 764 ejus

620 791 749 868 locum
776 781 1037 872 successerunt,
1069 784 2012 871 RsmnssesautRnsmes1n1rus,Moe·

616 933 733 998 n1s‚
761 903 1487 994 Asucn1s‚&Psnmn1rrcus,
1521 893 1819 983 occidentalem,
1861 897 2012 997 septem-

614 1019 842 1107 trionalem,
881 1018 1133 1104 orientalem,
1175 1014 1213 1090 dr
1248 1008 1527 1089 meridionalem
1563 1013 1727 1110 porticus
1760 1025 2008 1092 extruxerunt.

614 1140 670 1220 Ps
685 1151 822 1238 nwmml
836 1143 1017 1224 ricus,
1057 1135 1121 1232 qui
1154 1129 1321 1239 ultimam
1349 1128 1473 1228 huius.
1490 1126 1638 1242 'lempli
1673 1132 1857 1228 porticum
1887 1131 2014 1208 condi·

615 1260 698 1346 dit,
736 1255 781 1332 ad
809 1252 986 1352 Regnum
1018 1251 1191 1351 pervenit
1216 1249 1386 1325 tercentis
1426 1249 1528 1324 annis
1555 1245 1637 1346 post
1655 1244 1833 1334 Zarin
1860 1249 1905 1326 ab
1926 1245 2013 1355 Asi

553 1391 556 1398 '
619 1373 825 1464 desidium3
856 1371 893 1446 δι
918 1367 1108 1448 verisimile
1136 1390 1213 1444 non
1241 1365 1291 1442 est
1316 1364 1506 1466 plusquam
1532 1376 1714 1441 tercentos
1745 1389 1860 1474 annos
1880 1367 1919 1442 in
1937 1391 2013 1444 uno

617 1491 776 1590 Templo
815 1485 1077 1565 exedificando
1117 1487 1222 1562 tritos
1263 1481 1401 1570 fuiile,
1435 1478 1791 1582 nequeMorn1m
1820 1485 1859 1559 in
1898 1495 2013 1561 totam
2208 1483 2209 1538 t

627 1601 829 1718 AEgyptum
849 1605 1082 1681 dominatum
1113 1599 1181 1679 elle
1214 1614 1296 1678 ante
1321 1597 1431 1699 quim
1462 1597 1621 1676 Pastores
1646 1587 1886 1698 exigerentur.
1943 1600 2014 1678 Ul-

622 1731 704 1805 tirni
741 1725 911 1804 Deorum
948 1704 1261 1832 Aigyptiaearum
1283 1716 1430 1796 fuerunt
1459 1715 1625 1806 Onus,
1653 1720 1729 1816 ejus
1755 1731 1869 1797 mater
1893 1719 2009 1810 Isis,

565 1889 571 1902 ι
621 1845 723 1922 soror
751 1841 1031 1936 Bennett,
1067 1838 1314 1918 Tuoruus
1348 1831 1368 1910 t
1397 1834 1572 1922 secretis,
1616 1833 1653 1910 dc
1690 1835 1889 1913 avunculus
1925 1835 2014 1916 Tu-

622 1982 785 2053 enou3
822 1957 902 2036 Rex
939 1971 1058 2035 autern
1091 1955 1188 2042 ille,
1226 1955 1291 2053 qui
1323 1952 1405 2052 post
1442 1951 1577 2028 horum
1614 1953 1803 2030 interitum
1840 1950 2013 2053 Regnum

620 2080 771 2180 adeptus
795 2077 866 2165 est,
892 2076 954 2176 qui
983 2076 1136 2152 fluvium
1162 2070 1266 2148 alveo
1293 2093 1393 2146 novo
1428 2069 1605 2154 donavit,
1641 2085 1795 2168 pontem
1826 2073 2010 2161 confecit,

620 2199 658 2274 se
684 2187 898 2299 Memphim
918 2208 1025 2292 atque
1053 2198 1123 2270 Vu
1139 2215 1193 2268 nc
1210 2213 1273 2266 nrt
1290 2214 1305 2264 r
1325 2185 1523 2287 Templum
1541 2182 1749 2275 aedificavit,
1781 2188 1849 2265 fuit
1875 2194 1917 2265 M
1931 2215 1952 2268 n
1965 2215 2013 2268 m·

621 2338 736 2392 non
765 2315 815 2386 vel
841 2314 1181 2395 Autonoeius,
1214 2305 1258 2382 ab
1286 2302 1468 2407 AEgyptiis
1498 2303 1609 2382 didus
1637 2310 1926 2386 ,Annnonffl
1953 2306 2011 2383 id·

624 2429 721 2504 circo
753 2425 815 2502 hic
832 2422 891 2498 est
918 2428 1090 2500 Menas
1127 2423 1220 2522 ipse:
1245 2425 1443 2499 nonenim
1469 2418 1671 2500 admodum
1702 2423 1855 2502 intense
1883 2419 2012 2503 discre-

540 2623 543 2628 ,
623 2557 752 2643 pant,
795 2540 945 2614 nomina
981 2537 1187 2644 Amenoph,
1223 2530 1415 2645 Meropis,
1449 2540 1486 2614 dc
1519 2528 1697 2633 Meno,
1733 2542 1770 2618 dc
1813 2565 1861 2619 ex
1889 2540 1920 2618 A
1932 2575 2013 2628 m.

626 2686 763 2740 nonu
806 2655 938 2734 Civitas
977 2645 1170 2758 Memphis
1220 2657 1365 2734 condita
1409 2648 1430 2731 a
1474 2663 1692 2734 Mancre
1732 2657 1823 2736 dina
1860 2658 1929 2738 luit
1965 2659 2010 2736 ab

623 2769 813 2887 AEgpptiis
838 2763 965 2878 Mopb
984 2829 994 2859 ‚
1016 2763 1155 2878 Nep-b,
1180 2765 1379 2878 Menapi,
1409 2787 1470 2848 aut
1487 2761 1661 2875 Menffl
1684 2776 1883 2876 quomodo
1902 2778 2011 2852 etiem

625 2919 724 2992 nunc
760 2895 804 2970 ab
839 2883 1030 2966 Arabibus
1063 2887 1249 2968 Historicis
1287 2903 1546 2988 nuncupatur:
1594 2890 1774 2970 neceilstas
1804 2893 1897 2969 illius
1934 2893 2011 2972 loci

626 3011 815 3092 muniendi
856 3021 983 3086 contra
1029 3015 1376 3090 Ossnstenun
1416 3007 1535 3086 rosam
1573 3009 1727 3110 praebuit
1766 3010 1863 3088 illius
1888 3011 2010 3090 dabri·

626 3131 762 3210 candae.
1208 3221 1210 3224 ¹
1977 3147 1986 3160 ’

702 3248 805 3326 Dum
832 3243 980 3320 inferior
1007 3239 1192 3350 AEgyptus
1211 3239 1275 3318 sub
1306 3247 1614 3327 Osnnsreno
1646 3245 1884 3326 rebellionem
1907 3248 2004 3337 facit,

628 3368 665 3442 dr
694 3367 781 3442 dum
807 3369 1108 3440 Amnnonnrs
1129 3362 1166 3436 in
1192 3349 1419 3466 AEthiopiam
1445 3367 1480 3442 se
1508 3369 1668 3470 recipit,
1697 3354 1881 3471 AEgyptns
1909 3389 2013 3465 mag·

626 3487 682 3560 nis
711 3478 824 3560 turbis
851 3477 1121 3565 distrahebatur,
1155 3477 1394 3579 opamobrem
1423 3475 1549 3559 Greci
1570 3505 1696 3560 navem
1718 3475 1863 3585 Argum
1887 3497 2015 3560 extru-

627 3613 784 3686 xerunt,
813 3596 850 3670 &
873 3593 1192 3672 edflorentiffimos
1212 3595 1377 3696 quosque
1402 3591 1544 3675 Grecos
1567 3601 1612 3678 ad
1633 3601 1709 3681 AEe
1724 3624 1748 3677 T
1763 3626 1829 3678 sm
1860 3602 1899 3678 in
1931 3590 2016 3680 Cul-

627 3712 730 3797 cbide
764 3713 935 3792 miserunt
965 3713 1002 3788 &
1034 3711 1079 3788 ad
1106 3713 1226 3812 plures
1255 3711 1345 3790 alios
1382 3711 1546 3813 Regulos
1577 3716 1755 3809 *littorales
1789 3743 1869 3796 oras
1898 3715 2016 3798 Ponti

622 3832 780 3914 Euxini
802 3833 839 3909 ἃ
868 3817 1009 3906 Maris
1031 3819 1312 3906 Mediterranei
1339 3829 1499 3910 colentes
1517 3858 1528 3926 3
1552 3829 1629 3913 haec
1643 3833 1754 3914 navis
1775 3836 1862 3914 facia
1881 3837 1949 3916 luit
1964 3837 2017 3916 ad

630 3952 840 4054 exemplum
880 3941 1053 4054 AEgyptii
1103 3950 1236 4046 navigii
1278 3951 1541 4050 quinquaginta
1572 3957 1678 4029 remis
1712 3953 1899 4042 instrudli,
1932 3977 2015 4054 quo

626 4074 848 4146 Drusus
870 4063 997 4162 &ejus
1018 4066 1280 4166 quinquaginta
1292 4063 1374 4144 filiae
1393 4071 1516 4166 paucis
1533 4071 1635 4146 arinis
1653 4083 1755 4147 antea
1777 4093 1825 4147 ex
1846 4060 2018 4176 AEgppto

625 4185 667 4258 in
691 4177 875 4258 Graeciam
901 4183 1159 4280 confugerant:
1182 4184 1219 4258 de
1244 4181 1321 4260 haec
1345 4184 1418 4290 fuit
1436 4189 1548 4288 prima
1570 4185 1684 4284 longa
1704 4190 1801 4264 navis
1823 4183 1910 4265 velis
1929 4212 2018 4272 ruu-

629 4301 704 4374 nita
726 4293 746 4373 ὲ
773 4291 913 4373 Grecis
948 4299 1127 4378 fabricata.
1183 4301 1467 4400 Navigationem
1492 4299 1539 4380 sic
1563 4293 1756 4404 perlicere,
1790 4307 1827 4382 &
1856 4299 2019 4384 Graeciae

630 4412 758 4494 florem
786 4412 833 4489 ad
856 4412 978 4512 plures
1009 4415 1215 4516 optimates
1241 4419 1362 4496 littora
1381 4417 1491 4496 Ponti
1510 4411 1719 4512 Euxini&
1742 4415 1882 4502 Maris
1907 4413 2018 4502 Me-

628 4528 828 4612 diterranei
861 4529 1067 4610 obtinentes
1099 4537 1274 4624 mittere,
1305 4551 1472 4648 coeptum
1501 4553 1575 4620 erat
1607 4541 1697 4619 tanti
1725 4543 1933 4629 momenti,
1964 4554 2021 4618 ut

1883 4655 2023 4763 perfici
