<?xml version="1.0" encoding="UTF-8"?>
<!DOCTYPE html PUBLIC "-//W3C//DTD XHTML 1.0 Transitional//EN"
    "http://www.w3.org/TR/xhtml1/DTD/xhtml1-transitional.dtd">
<html xmlns="http://www.w3.org/1999/xhtml" xml:lang="en" lang="en">
 <head>
  <title>
</title>
<meta http-equiv="Content-Type" content="text/html;charset=utf-8" />
  <meta name='ocr-system' content='tesseract 3.04.00' />
  <meta name='ocr-capabilities' content='ocr_page ocr_carea ocr_par ocr_line ocrx_word'/>
</head>
<body>
  <div class='ocr_page' id='page_1' title='image "./isaacinewtonieq00newtgoog_0306.png"; bbox 0 0 4500 5812; ppageno 0'>
   <div class='ocr_carea' id='block_1_1' title="bbox 327 365 1782 497">
    <p class='ocr_par' dir='ltr' id='par_1_1' title="bbox 327 365 1782 497">
     <span class='ocr_line' id='line_1_1' title="bbox 327 365 1782 497; baseline -0.012 -3"><span class='ocrx_word' id='word_1_1' title='bbox 327 395 1443 494; x_wconf 74' lang='lat' dir='ltr'>onrrnVAnrnuANrnn.</span> <span class='ocrx_word' id='word_1_2' title='bbox 1530 421 1613 497; x_wconf 80' lang='lat'>2‘91</span> <span class='ocrx_word' id='word_1_3' title='bbox 1776 365 1782 384; x_wconf 55' lang='lat'>⁸</span> 
     </span>
    </p>
   </div>
   <div class='ocr_carea' id='block_1_2' title="bbox 95 564 1882 4542">
    <p class='ocr_par' dir='ltr' id='par_1_2' title="bbox 95 564 1882 4542">
     <span class='ocr_line' id='line_1_2' title="bbox 281 564 1792 674; baseline -0.009 -22"><span class='ocrx_word' id='word_1_4' title='bbox 281 566 326 652; x_wconf 92' lang='lat' dir='ltr'>ln</span> <span class='ocrx_word' id='word_1_5' title='bbox 339 571 469 672; x_wconf 91' lang='lat' dir='ltr'>populi</span> <span class='ocrx_word' id='word_1_6' title='bbox 494 567 618 672; x_wconf 73' lang='lat' dir='ltr'>Isra‘d</span> <span class='ocrx_word' id='word_1_7' title='bbox 603 573 681 648; x_wconf 73' lang='lat' dir='ltr'>ttici</span> <span class='ocrx_word' id='word_1_8' title='bbox 695 569 867 670; x_wconf 81' lang='lat' dir='ltr'>pueritil,</span> <span class='ocrx_word' id='word_1_9' title='bbox 890 570 1013 660; x_wconf 91' lang='lat' dir='ltr'>Deus,</span> <span class='ocrx_word' id='word_1_10' title='bbox 1037 569 1123 648; x_wconf 79' lang='lat' dir='ltr'>cum</span> <span class='ocrx_word' id='word_1_11' title='bbox 1142 576 1183 648; x_wconf 91' lang='lat' dir='ltr'>iis</span> <span class='ocrx_word' id='word_1_12' title='bbox 1199 574 1318 674; x_wconf 84' lang='lat' dir='ltr'>legem</span> <span class='ocrx_word' id='word_1_13' title='bbox 1332 569 1497 658; x_wconf 87' lang='lat' dir='ltr'>dedisset,</span> <span class='ocrx_word' id='word_1_14' title='bbox 1516 564 1681 645; x_wconf 80' lang='lat' dir='ltr'>rrius-n</span> <span class='ocrx_word' id='word_1_15' title='bbox 1642 575 1792 639; x_wconf 74' lang='lat' dir='ltr'>introdus-</span> 
     </span>
     <span class='ocr_line' id='line_1_3' title="bbox 218 671 1858 789; baseline -0.002 -23.993"><span class='ocrx_word' id='word_1_16' title='bbox 218 705 292 787; x_wconf 87' lang='lat' dir='ltr'>que</span> <span class='ocrx_word' id='word_1_17' title='bbox 313 687 393 786; x_wconf 87' lang='lat' dir='ltr'>ipsis</span> <span class='ocrx_word' id='word_1_18' title='bbox 415 687 602 788; x_wconf 86' lang='lat' dir='ltr'>pepigisset</span> <span class='ocrx_word' id='word_1_19' title='bbox 623 688 765 776; x_wconf 79' lang='lat' dir='ltr'>roedus,</span> <span class='ocrx_word' id='word_1_20' title='bbox 792 713 867 788; x_wconf 90' lang='lat' dir='ltr'>quo</span> <span class='ocrx_word' id='word_1_21' title='bbox 889 683 923 766; x_wconf 91' lang='lat' dir='ltr'>se</span> <span class='ocrx_word' id='word_1_22' title='bbox 942 690 1090 767; x_wconf 90' lang='lat' dir='ltr'>illorum</span> <span class='ocrx_word' id='word_1_23' title='bbox 1111 688 1236 769; x_wconf 92' lang='lat' dir='ltr'>Deum</span> <span class='ocrx_word' id='word_1_24' title='bbox 1258 695 1421 770; x_wconf 82' lang='lat' dir='ltr'>s&#39;uturum</span> <span class='ocrx_word' id='word_1_25' title='bbox 1441 671 1692 789; x_wconf 61' lang='lat' dir='ltr'>promissum·</span> <span class='ocrx_word' id='word_1_26' title='bbox 1849 725 1858 782; x_wconf 81' lang='grc'>)</span> 
     </span>
     <span class='ocr_line' id='line_1_4' title="bbox 218 802 1810 909; baseline 0 -30"><span class='ocrx_word' id='word_1_27' title='bbox 218 802 372 904; x_wconf 88' lang='lat' dir='ltr'>siipsrus</span> <span class='ocrx_word' id='word_1_28' title='bbox 388 807 563 884; x_wconf 84' lang='lat' dir='ltr'>mandatis</span> <span class='ocrx_word' id='word_1_29' title='bbox 584 805 887 906; x_wconf 80' lang='lat' dir='ltr'>obsequerentur,</span> <span class='ocrx_word' id='word_1_30' title='bbox 909 807 1066 886; x_wconf 77' lang='lat' dir='ltr'>Proletas</span> <span class='ocrx_word' id='word_1_31' title='bbox 1091 805 1206 896; x_wconf 84' lang='lat' dir='ltr'>misit,</span> <span class='ocrx_word' id='word_1_32' title='bbox 1229 813 1315 909; x_wconf 90' lang='lat' dir='ltr'>qui,</span> <span class='ocrx_word' id='word_1_33' title='bbox 1336 805 1619 909; x_wconf 86' lang='lat' dir='ltr'>quotiescunque</span> <span class='ocrx_word' id='word_1_34' title='bbox 1644 830 1810 900; x_wconf 74' lang='lat' dir='ltr'>Dedivertl</span> 
     </span>
     <span class='ocr_line' id='line_1_5' title="bbox 227 919 1787 1059; baseline 0 -63"><span class='ocrx_word' id='word_1_35' title='bbox 227 921 270 1007; x_wconf 85' lang='lat' dir='ltr'>ad</span> <span class='ocrx_word' id='word_1_36' title='bbox 293 923 494 1002; x_wconf 85' lang='lat' dir='ltr'>alienorum</span> <span class='ocrx_word' id='word_1_37' title='bbox 525 922 694 1002; x_wconf 85' lang='lat' dir='ltr'>Deorum</span> <span class='ocrx_word' id='word_1_38' title='bbox 716 923 855 1000; x_wconf 87' lang='lat' dir='ltr'>cultum</span> <span class='ocrx_word' id='word_1_39' title='bbox 879 923 1123 1011; x_wconf 88' lang='lat' dir='ltr'>deficiebant,</span> <span class='ocrx_word' id='word_1_40' title='bbox 1156 924 1238 1001; x_wconf 90' lang='lat' dir='ltr'>illos</span> <span class='ocrx_word' id='word_1_41' title='bbox 1261 927 1305 1002; x_wconf 90' lang='lat' dir='ltr'>ab</span> <span class='ocrx_word' id='word_1_42' title='bbox 1329 951 1373 1002; x_wconf 91' lang='lat' dir='ltr'>eo</span> <span class='ocrx_word' id='word_1_43' title='bbox 1395 937 1542 1025; x_wconf 88' lang='lat' dir='ltr'>peccato</span> <span class='ocrx_word' id='word_1_44' title='bbox 1562 943 1627 996; x_wconf 83' lang='lat' dir='ltr'>re-</span> <span class='ocrx_word' id='word_1_45' title='bbox 1643 919 1780 980; x_wconf 63' lang='lat' dir='ltr'>nemen</span> <span class='ocrx_word' id='word_1_46' title='bbox 1712 996 1787 1059; x_wconf 87' lang='lat' dir='ltr'>su</span> 
     </span>
     <span class='ocr_line' id='line_1_6' title="bbox 225 996 1808 1141; baseline 0 -28"><span class='ocrx_word' id='word_1_47' title='bbox 225 1056 402 1117; x_wconf 84' lang='lat' dir='ltr'>vocarent.</span> <span class='ocrx_word' id='word_1_48' title='bbox 453 1035 544 1140; x_wconf 88' lang='lat' dir='ltr'>lpsr,</span> <span class='ocrx_word' id='word_1_49' title='bbox 570 1057 714 1128; x_wconf 88' lang='lat' dir='ltr'>autem,</span> <span class='ocrx_word' id='word_1_50' title='bbox 741 1039 827 1118; x_wconf 80' lang='lat' dir='ltr'>etim</span> <span class='ocrx_word' id='word_1_51' title='bbox 849 1041 892 1116; x_wconf 91' lang='lat' dir='ltr'>ad</span> <span class='ocrx_word' id='word_1_52' title='bbox 915 1043 989 1117; x_wconf 90' lang='lat' dir='ltr'>veri</span> <span class='ocrx_word' id='word_1_53' title='bbox 1014 1038 1087 1118; x_wconf 85' lang='lat' dir='ltr'>Dei</span> <span class='ocrx_word' id='word_1_54' title='bbox 1107 1039 1246 1119; x_wconf 87' lang='lat' dir='ltr'>cultum</span> <span class='ocrx_word' id='word_1_55' title='bbox 1267 1054 1545 1126; x_wconf 89' lang='lat' dir='ltr'>reverterentur,</span> <span class='ocrx_word' id='word_1_56' title='bbox 1564 1061 1619 1113; x_wconf 92' lang='lat' dir='ltr'>r</span> <span class='ocrx_word' id='word_1_57' title='bbox 1583 996 1808 1141; x_wconf 53' lang='lat' dir='ltr'>,fffirb</span> 
     </span>
     <span class='ocr_line' id='line_1_7' title="bbox 224 1151 1882 1278; baseline -0.008 -48"><span class='ocrx_word' id='word_1_58' title='bbox 224 1155 405 1255; x_wconf 72' lang='lat' dir='ltr'>novabunt</span> <span class='ocrx_word' id='word_1_59' title='bbox 425 1157 577 1234; x_wconf 89' lang='lat' dir='ltr'>subinde</span> <span class='ocrx_word' id='word_1_60' title='bbox 601 1157 743 1244; x_wconf 86' lang='lat' dir='ltr'>foedus,</span> <span class='ocrx_word' id='word_1_61' title='bbox 777 1157 877 1257; x_wconf 89' lang='lat' dir='ltr'>quod</span> <span class='ocrx_word' id='word_1_62' title='bbox 901 1172 1077 1258; x_wconf 88' lang='lat' dir='ltr'>ruperant.</span> <span class='ocrx_word' id='word_1_63' title='bbox 1123 1157 1217 1240; x_wconf 91' lang='lat' dir='ltr'>Hos</span> <span class='ocrx_word' id='word_1_64' title='bbox 1243 1159 1400 1238; x_wconf 84' lang='lat' dir='ltr'>Prosetas</span> <span class='ocrx_word' id='word_1_65' title='bbox 1415 1151 1516 1237; x_wconf 89' lang='lat' dir='ltr'>Deus</span> <span class='ocrx_word' id='word_1_66' title='bbox 1537 1158 1619 1232; x_wconf 86' lang='lat' dir='ltr'>mit·</span> <span class='ocrx_word' id='word_1_67' title='bbox 1642 1160 1720 1239; x_wconf 85' lang='lat' dir='ltr'>quod</span> <span class='ocrx_word' id='word_1_68' title='bbox 1755 1157 1794 1218; x_wconf 79' lang='grc' dir='ltr'>ιιι</span> <span class='ocrx_word' id='word_1_69' title='bbox 1860 1251 1882 1278; x_wconf 44' lang='lat' dir='ltr'><em>l</em></span> 
     </span>
     <span class='ocr_line' id='line_1_8' title="bbox 154 1180 1781 1386; baseline 0.001 -38"><span class='ocrx_word' id='word_1_70' title='bbox 154 1260 165 1284; x_wconf 72' lang='lat'><strong><em>⁴</em></strong></span> <span class='ocrx_word' id='word_1_71' title='bbox 220 1287 297 1349; x_wconf 90' lang='lat' dir='ltr'>tere</span> <span class='ocrx_word' id='word_1_72' title='bbox 325 1273 557 1376; x_wconf 79' lang='lat' dir='ltr'>perseveravit</span> <span class='ocrx_word' id='word_1_73' title='bbox 582 1275 691 1374; x_wconf 84' lang='lat' dir='ltr'>usque</span> <span class='ocrx_word' id='word_1_74' title='bbox 716 1276 764 1351; x_wconf 93' lang='lat' dir='ltr'>ad</span> <span class='ocrx_word' id='word_1_75' title='bbox 789 1271 958 1352; x_wconf 82' lang='lat' dir='ltr'>Esnan</span> <span class='ocrx_word' id='word_1_76' title='bbox 987 1289 1161 1373; x_wconf 91' lang='lat' dir='ltr'>tempora</span> <span class='ocrx_word' id='word_1_77' title='bbox 1224 1274 1468 1376; x_wconf 85' lang='lat' dir='ltr'>Postquam,</span> <span class='ocrx_word' id='word_1_78' title='bbox 1503 1180 1781 1386; x_wconf 42' lang='lat' dir='ltr'>vmbssllffl</span> 
     </span>
     <span class='ocr_line' id='line_1_9' title="bbox 224 1387 1620 1492; baseline -0.001 -26"><span class='ocrx_word' id='word_1_79' title='bbox 224 1389 372 1469; x_wconf 87' lang='lat' dir='ltr'>illorum</span> <span class='ocrx_word' id='word_1_80' title='bbox 388 1395 552 1469; x_wconf 77' lang='lat' dir='ltr'>vaticinia</span> <span class='ocrx_word' id='word_1_81' title='bbox 569 1395 606 1468; x_wconf 80' lang='lat' dir='ltr'>dc</span> <span class='ocrx_word' id='word_1_82' title='bbox 619 1391 796 1492; x_wconf 88' lang='lat' dir='ltr'>scriptam</span> <span class='ocrx_word' id='word_1_83' title='bbox 814 1392 1016 1492; x_wconf 84' lang='lat' dir='ltr'>Synagogis</span> <span class='ocrx_word' id='word_1_84' title='bbox 1037 1392 1337 1491; x_wconf 77' lang='lat' dir='ltr'>praelegerentur,</span> <span class='ocrx_word' id='word_1_85' title='bbox 1363 1394 1443 1470; x_wconf 79' lang='lat' dir='ltr'>hac</span> <span class='ocrx_word' id='word_1_86' title='bbox 1459 1387 1620 1470; x_wconf 87' lang='lat' dir='ltr'>sufficere</span> 
     </span>
     <span class='ocr_line' id='line_1_10' title="bbox 224 1505 1620 1610; baseline 0 -28"><span class='ocrx_word' id='word_1_87' title='bbox 224 1505 304 1586; x_wconf 89' lang='lat' dir='ltr'>sunt</span> <span class='ocrx_word' id='word_1_88' title='bbox 323 1507 401 1584; x_wconf 84' lang='lat' dir='ltr'>visa.</span> <span class='ocrx_word' id='word_1_89' title='bbox 464 1505 580 1604; x_wconf 83' lang='lat' dir='ltr'>Quod</span> <span class='ocrx_word' id='word_1_90' title='bbox 608 1507 666 1595; x_wconf 84' lang='grc' dir='ltr'>ιι,</span> <span class='ocrx_word' id='word_1_91' title='bbox 700 1511 828 1596; x_wconf 86' lang='lat' dir='ltr'>enim,</span> <span class='ocrx_word' id='word_1_92' title='bbox 854 1508 1010 1608; x_wconf 88' lang='lat' dir='ltr'>populus</span> <span class='ocrx_word' id='word_1_93' title='bbox 1035 1509 1166 1584; x_wconf 80' lang='lat' dir='ltr'>Most</span> <span class='ocrx_word' id='word_1_94' title='bbox 1199 1505 1448 1610; x_wconf 78' lang='lat' dir='ltr'>veteribusque</span> <span class='ocrx_word' id='word_1_95' title='bbox 1469 1507 1620 1586; x_wconf 88' lang='lat' dir='ltr'>Prosetis</span> 
     </span>
     <span class='ocr_line' id='line_1_11' title="bbox 224 1620 1620 1724; baseline -0.001 -24"><span class='ocrx_word' id='word_1_96' title='bbox 224 1624 418 1703; x_wconf 84' lang='lat' dir='ltr'>auscultare</span> <span class='ocrx_word' id='word_1_97' title='bbox 441 1640 628 1711; x_wconf 89' lang='lat' dir='ltr'>renueret,</span> <span class='ocrx_word' id='word_1_98' title='bbox 660 1625 739 1701; x_wconf 82' lang='lat' dir='ltr'>satis</span> <span class='ocrx_word' id='word_1_99' title='bbox 760 1627 906 1724; x_wconf 87' lang='lat' dir='ltr'>parebat</span> <span class='ocrx_word' id='word_1_100' title='bbox 923 1649 998 1702; x_wconf 87' lang='lat' dir='ltr'>nec</span> <span class='ocrx_word' id='word_1_101' title='bbox 1017 1629 1125 1701; x_wconf 85' lang='lat' dir='ltr'>novis</span> <span class='ocrx_word' id='word_1_102' title='bbox 1147 1625 1444 1713; x_wconf 23' lang='lat' dir='ltr'>*auscultatumm</span> <span class='ocrx_word' id='word_1_103' title='bbox 1473 1620 1550 1702; x_wconf 84' lang='lat' dir='ltr'>imo</span> <span class='ocrx_word' id='word_1_104' title='bbox 1572 1645 1620 1699; x_wconf 85' lang='lat' dir='ltr'>ne</span> 
     </span>
     <span class='ocr_line' id='line_1_12' title="bbox 220 1741 1617 1844; baseline -0.002 -25"><span class='ocrx_word' id='word_1_105' title='bbox 220 1756 304 1819; x_wconf 88' lang='lat' dir='ltr'>tum</span> <span class='ocrx_word' id='word_1_106' title='bbox 325 1745 503 1843; x_wconf 87' lang='lat' dir='ltr'>quidem,</span> <span class='ocrx_word' id='word_1_107' title='bbox 536 1741 648 1844; x_wconf 85' lang='lat' dir='ltr'>siqui</span> <span class='ocrx_word' id='word_1_108' title='bbox 674 1768 719 1820; x_wconf 84' lang='lat' dir='ltr'>ex</span> <span class='ocrx_word' id='word_1_109' title='bbox 738 1757 857 1819; x_wconf 86' lang='lat' dir='ltr'>morte</span> <span class='ocrx_word' id='word_1_110' title='bbox 878 1746 915 1820; x_wconf 93' lang='lat' dir='ltr'>in</span> <span class='ocrx_word' id='word_1_111' title='bbox 938 1744 1048 1818; x_wconf 81' lang='lat' dir='ltr'>vitam</span> <span class='ocrx_word' id='word_1_112' title='bbox 1067 1743 1233 1819; x_wconf 87' lang='lat' dir='ltr'>redirent</span> <span class='ocrx_word' id='word_1_113' title='bbox 1294 1743 1412 1830; x_wconf 80' lang='lat' dir='ltr'>Com,</span> <span class='ocrx_word' id='word_1_114' title='bbox 1437 1743 1617 1840; x_wconf 88' lang='lat' dir='ltr'>denique,</span> 
     </span>
     <span class='ocr_line' id='line_1_13' title="bbox 223 1851 1782 1970; baseline -0.003 -34"><span class='ocrx_word' id='word_1_115' title='bbox 223 1883 321 1936; x_wconf 88' lang='lat' dir='ltr'>nova</span> <span class='ocrx_word' id='word_1_116' title='bbox 334 1863 460 1937; x_wconf 84' lang='lat' dir='ltr'>vemas</span> <span class='ocrx_word' id='word_1_117' title='bbox 462 1862 641 1970; x_wconf 82' lang='lat' dir='ltr'>gentibus</span> <span class='ocrx_word' id='word_1_118' title='bbox 655 1857 737 1936; x_wconf 89' lang='lat' dir='ltr'>esset</span> <span class='ocrx_word' id='word_1_119' title='bbox 750 1859 1017 1947; x_wconf 80' lang='lat' dir='ltr'>annumeranda</span> <span class='ocrx_word' id='word_1_120' title='bbox 1035 1857 1200 1959; x_wconf 76' lang='lat' dir='ltr'>nempe]</span> <span class='ocrx_word' id='word_1_121' title='bbox 1211 1885 1333 1936; x_wconf 83' lang='lat' dir='ltr'>nsum</span> <span class='ocrx_word' id='word_1_122' title='bbox 1347 1852 1408 1962; x_wconf 75' lang='lat' dir='ltr'>effe</span> <span class='ocrx_word' id='word_1_123' title='bbox 1426 1851 1500 1937; x_wconf 79' lang='lat' dir='ltr'>Chr</span> <span class='ocrx_word' id='word_1_124' title='bbox 1501 1855 1615 1958; x_wconf 85' lang='lat' dir='ltr'>stum,</span> <span class='ocrx_word' id='word_1_125' title='bbox 1777 1879 1782 1886; x_wconf 89' lang='lat'>·</span> 
     </span>
     <span class='ocr_line' id='line_1_14' title="bbox 222 1971 1618 2078; baseline -0.002 -26"><span class='ocrx_word' id='word_1_126' title='bbox 222 1971 343 2054; x_wconf 89' lang='lat' dir='ltr'>novos</span> <span class='ocrx_word' id='word_1_127' title='bbox 365 1973 459 2054; x_wconf 87' lang='grc' dir='ltr'>ιιιιιιι</span> <span class='ocrx_word' id='word_1_128' title='bbox 477 1975 578 2056; x_wconf 89' lang='lat' dir='ltr'>Deus</span> <span class='ocrx_word' id='word_1_129' title='bbox 601 1975 759 2056; x_wconf 88' lang='lat' dir='ltr'>Prosetas</span> <span class='ocrx_word' id='word_1_130' title='bbox 785 1992 892 2076; x_wconf 86' lang='lat' dir='ltr'>atque</span> <span class='ocrx_word' id='word_1_131' title='bbox 914 1971 1120 2055; x_wconf 77' lang='lat' dir='ltr'>Dostores:</span> <span class='ocrx_word' id='word_1_132' title='bbox 1153 1971 1236 2054; x_wconf 81' lang='lat' dir='ltr'>Post</span> <span class='ocrx_word' id='word_1_133' title='bbox 1257 1975 1388 2078; x_wconf 77' lang='lat' dir='ltr'>quim,</span> <span class='ocrx_word' id='word_1_134' title='bbox 1410 1993 1565 2062; x_wconf 89' lang='lat' dir='ltr'>autem,</span> <span class='ocrx_word' id='word_1_135' title='bbox 1580 1975 1618 2049; x_wconf 71' lang='grc' dir='ltr'>ιιι</span> 
     </span>
     <span class='ocr_line' id='line_1_15' title="bbox 221 2091 1620 2198; baseline -0.002 -27"><span class='ocrx_word' id='word_1_136' title='bbox 221 2093 365 2172; x_wconf 85' lang='lat' dir='ltr'>borum</span> <span class='ocrx_word' id='word_1_137' title='bbox 383 2095 508 2194; x_wconf 81' lang='lat' dir='ltr'>scripta</span> <span class='ocrx_word' id='word_1_138' title='bbox 528 2118 616 2196; x_wconf 90' lang='lat' dir='ltr'>pro</span> <span class='ocrx_word' id='word_1_139' title='bbox 619 2092 767 2172; x_wconf 74' lang='lat' dir='ltr'>Divinis</span> <span class='ocrx_word' id='word_1_140' title='bbox 777 2109 916 2198; x_wconf 85' lang='lat' dir='ltr'>recepta</span> <span class='ocrx_word' id='word_1_141' title='bbox 933 2091 1066 2181; x_wconf 83' lang='lat' dir='ltr'>essent,</span> <span class='ocrx_word' id='word_1_142' title='bbox 1090 2110 1199 2195; x_wconf 85' lang='lat' dir='ltr'>atque</span> <span class='ocrx_word' id='word_1_143' title='bbox 1219 2093 1243 2170; x_wconf 76' lang='lat' dir='ltr'>b</span> <span class='ocrx_word' id='word_1_144' title='bbox 1268 2095 1500 2173; x_wconf 87' lang='lat' dir='ltr'>Christianis</span> <span class='ocrx_word' id='word_1_145' title='bbox 1490 2117 1528 2168; x_wconf 87' lang='grc' dir='ltr'>ιιι</span> <span class='ocrx_word' id='word_1_146' title='bbox 1551 2091 1620 2168; x_wconf 89' lang='lat' dir='ltr'>suis</span> 
     </span>
     <span class='ocr_line' id='line_1_16' title="bbox 221 2208 1618 2312; baseline -0.005 -22"><span class='ocrx_word' id='word_1_147' title='bbox 221 2213 426 2312; x_wconf 87' lang='lat' dir='ltr'>Synagogis</span> <span class='ocrx_word' id='word_1_148' title='bbox 440 2212 734 2311; x_wconf 79' lang='lat' dir='ltr'>praelegerentur,</span> <span class='ocrx_word' id='word_1_149' title='bbox 750 2210 946 2287; x_wconf 85' lang='lat' dir='ltr'>secundiun</span> <span class='ocrx_word' id='word_1_150' title='bbox 957 2208 1097 2287; x_wconf 87' lang='lat' dir='ltr'>cessavit</span> <span class='ocrx_word' id='word_1_151' title='bbox 1109 2210 1250 2288; x_wconf 89' lang='lat' dir='ltr'>divinus</span> <span class='ocrx_word' id='word_1_152' title='bbox 1264 2210 1418 2288; x_wconf 87' lang='lat' dir='ltr'>adflatus.</span> <span class='ocrx_word' id='word_1_153' title='bbox 1439 2210 1618 2287; x_wconf 76' lang='lat' dir='ltr'>illosum</span> 
     </span>
     <span class='ocr_line' id='line_1_17' title="bbox 225 2319 1615 2432; baseline -0.004 -27"><span class='ocrx_word' id='word_1_154' title='bbox 225 2332 297 2424; x_wconf 82' lang='lat' dir='ltr'>jam</span> <span class='ocrx_word' id='word_1_155' title='bbox 323 2322 488 2406; x_wconf 80' lang='lat' dir='ltr'>babemus</span> <span class='ocrx_word' id='word_1_156' title='bbox 507 2321 786 2432; x_wconf 59' lang='lat' dir='ltr'>&amp;trepidat</span> <span class='ocrx_word' id='word_1_157' title='bbox 814 2330 851 2404; x_wconf 74' lang='grc' dir='ltr'>ἃ</span> <span class='ocrx_word' id='word_1_158' title='bbox 870 2327 1085 2428; x_wconf 83' lang='lat' dir='ltr'>Apostolos,</span> <span class='ocrx_word' id='word_1_159' title='bbox 1105 2343 1215 2427; x_wconf 78' lang='lat' dir='ltr'>&#39;atque</span> <span class='ocrx_word' id='word_1_160' title='bbox 1232 2327 1337 2428; x_wconf 88' lang='lat' dir='ltr'>ipsrus</span> <span class='ocrx_word' id='word_1_161' title='bbox 1355 2319 1485 2424; x_wconf 77' lang='lat' dir='ltr'>Christi</span> <span class='ocrx_word' id='word_1_162' title='bbox 1498 2327 1615 2418; x_wconf 81' lang='lat' dir='ltr'>verba,</span> 
     </span>
     <span class='ocr_line' id='line_1_18' title="bbox 227 2432 1619 2546; baseline -0.005 -23"><span class='ocrx_word' id='word_1_163' title='bbox 227 2448 358 2546; x_wconf 87' lang='lat' dir='ltr'>quibus</span> <span class='ocrx_word' id='word_1_164' title='bbox 380 2445 586 2524; x_wconf 75' lang='lat' dir='ltr'>li&#39;nolim&#39;us</span> <span class='ocrx_word' id='word_1_165' title='bbox 603 2447 871 2544; x_wconf 79' lang='lat' dir='ltr'>obtemperare,</span> <span class='ocrx_word' id='word_1_166' title='bbox 891 2434 1009 2520; x_wconf 75' lang='lat' dir='ltr'>min&#39;bs</span> <span class='ocrx_word' id='word_1_167' title='bbox 1022 2432 1259 2544; x_wconf 68' lang='lat' dir='ltr'>qubm&#39;Judaei</span> <span class='ocrx_word' id='word_1_168' title='bbox 1275 2444 1463 2522; x_wconf 86' lang='lat' dir='ltr'>excusandi</span> <span class='ocrx_word' id='word_1_169' title='bbox 1477 2446 1619 2519; x_wconf 87' lang='lat' dir='ltr'>erimus.</span> 
     </span>
     <span class='ocr_line' id='line_1_19' title="bbox 226 2551 1621 2662; baseline -0.006 -21"><span class='ocrx_word' id='word_1_170' title='bbox 226 2563 399 2650; x_wconf 84' lang='lat' dir='ltr'>Profetae,</span> <span class='ocrx_word' id='word_1_171' title='bbox 423 2567 542 2650; x_wconf 91' lang='lat' dir='ltr'>enim,</span> <span class='ocrx_word' id='word_1_172' title='bbox 574 2565 611 2638; x_wconf 82' lang='lat' dir='ltr'>dr</span> <span class='ocrx_word' id='word_1_173' title='bbox 640 2563 802 2661; x_wconf 83' lang='lat' dir='ltr'>Apostoli</span> <span class='ocrx_word' id='word_1_174' title='bbox 828 2562 1093 2661; x_wconf 78' lang='lat' dir='ltr'>pradixerunt,</span> <span class='ocrx_word' id='word_1_175' title='bbox 1118 2563 1197 2640; x_wconf 88' lang='lat' dir='ltr'>fore</span> <span class='ocrx_word' id='word_1_176' title='bbox 1221 2555 1285 2649; x_wconf 85' lang='lat' dir='ltr'>ut,</span> <span class='ocrx_word' id='word_1_177' title='bbox 1311 2551 1621 2662; x_wconf 84' lang='lat' dir='ltr'>quemadmodum</span> 
     </span>
     <span class='ocr_line' id='line_1_20' title="bbox 208 2663 1621 2787; baseline -0.004 -31"><span class='ocrx_word' id='word_1_178' title='bbox 208 2663 390 2787; x_wconf 70' lang='lat' dir='ltr'>&#39;lsrailr&#39;tae</span> <span class='ocrx_word' id='word_1_179' title='bbox 408 2680 498 2779; x_wconf 72' lang='lat' dir='ltr'>sapie</span> <span class='ocrx_word' id='word_1_180' title='bbox 516 2679 754 2766; x_wconf 83' lang='lat' dir='ltr'>rebellirunt,</span> <span class='ocrx_word' id='word_1_181' title='bbox 788 2681 826 2754; x_wconf 88' lang='lat'>&amp;</span> <span class='ocrx_word' id='word_1_182' title='bbox 843 2679 963 2756; x_wconf 88' lang='lat' dir='ltr'>foedus</span> <span class='ocrx_word' id='word_1_183' title='bbox 985 2694 1183 2778; x_wconf 82' lang='lat' dir='ltr'>ruperunt,</span> <span class='ocrx_word' id='word_1_184' title='bbox 1216 2679 1318 2779; x_wconf 92' lang='lat' dir='ltr'>quod</span> <span class='ocrx_word' id='word_1_185' title='bbox 1341 2679 1406 2756; x_wconf 84' lang='lat' dir='ltr'>fibi</span> <span class='ocrx_word' id='word_1_186' title='bbox 1429 2703 1514 2758; x_wconf 89' lang='lat' dir='ltr'>cum</span> <span class='ocrx_word' id='word_1_187' title='bbox 1536 2675 1621 2754; x_wconf 89' lang='lat' dir='ltr'>Deo</span> 
     </span>
     <span class='ocr_line' id='line_1_21' title="bbox 227 2789 1624 2896; baseline -0.001 -20"><span class='ocrx_word' id='word_1_188' title='bbox 227 2814 332 2889; x_wconf 84' lang='lat' dir='ltr'>erat,</span> <span class='ocrx_word' id='word_1_189' title='bbox 358 2798 525 2884; x_wconf 87' lang='lat' dir='ltr'>deinde,</span> <span class='ocrx_word' id='word_1_190' title='bbox 551 2794 632 2896; x_wconf 82' lang='lat' dir='ltr'>post</span> <span class='ocrx_word' id='word_1_191' title='bbox 657 2789 765 2896; x_wconf 74' lang='lat' dir='ltr'>quom</span> <span class='ocrx_word' id='word_1_192' title='bbox 787 2795 868 2872; x_wconf 75' lang='lat' dir='ltr'>fasti</span> <span class='ocrx_word' id='word_1_193' title='bbox 899 2793 1141 2895; x_wconf 79' lang='lat' dir='ltr'>poenituisset,</span> <span class='ocrx_word' id='word_1_194' title='bbox 1177 2797 1266 2874; x_wconf 85' lang='lat' dir='ltr'>illud</span> <span class='ocrx_word' id='word_1_195' title='bbox 1298 2799 1543 2892; x_wconf 79' lang='lat' dir='ltr'>renovirunt3</span> <span class='ocrx_word' id='word_1_196' title='bbox 1563 2800 1624 2892; x_wconf 87' lang='lat' dir='ltr'>ita</span> 
     </span>
     <span class='ocr_line' id='line_1_22' title="bbox 226 2913 1625 3018; baseline 0.001 -25"><span class='ocrx_word' id='word_1_197' title='bbox 226 2940 377 3018; x_wconf 89' lang='lat' dir='ltr'>quoque</span> <span class='ocrx_word' id='word_1_198' title='bbox 399 2919 491 2990; x_wconf 90' lang='lat' dir='ltr'>inter</span> <span class='ocrx_word' id='word_1_199' title='bbox 512 2914 729 2993; x_wconf 87' lang='lat' dir='ltr'>Christianos</span> <span class='ocrx_word' id='word_1_200' title='bbox 750 2914 901 2991; x_wconf 76' lang='lat' dir='ltr'>detectio</span> <span class='ocrx_word' id='word_1_201' title='bbox 923 2913 1118 3001; x_wconf 88' lang='lat' dir='ltr'>accideret,</span> <span class='ocrx_word' id='word_1_202' title='bbox 1149 2916 1247 2990; x_wconf 86' lang='lat' dir='ltr'>brevi</span> <span class='ocrx_word' id='word_1_203' title='bbox 1269 2917 1349 3013; x_wconf 92' lang='lat' dir='ltr'>post</span> <span class='ocrx_word' id='word_1_204' title='bbox 1376 2916 1447 3015; x_wconf 86' lang='lat' dir='ltr'>ipsa</span> <span class='ocrx_word' id='word_1_205' title='bbox 1469 2917 1625 3016; x_wconf 88' lang='lat' dir='ltr'>Aposto-</span> 
     </span>
     <span class='ocr_line' id='line_1_23' title="bbox 229 3031 1625 3134; baseline 0.001 -25"><span class='ocrx_word' id='word_1_206' title='bbox 229 3033 351 3112; x_wconf 91' lang='lat' dir='ltr'>lorum</span> <span class='ocrx_word' id='word_1_207' title='bbox 373 3048 559 3131; x_wconf 87' lang='lat' dir='ltr'>tempora:</span> <span class='ocrx_word' id='word_1_208' title='bbox 592 3032 671 3108; x_wconf 90' lang='lat' dir='ltr'>fore</span> <span class='ocrx_word' id='word_1_209' title='bbox 692 3035 798 3108; x_wconf 90' lang='lat' dir='ltr'>etiam</span> <span class='ocrx_word' id='word_1_210' title='bbox 818 3047 859 3108; x_wconf 92' lang='lat' dir='ltr'>ut</span> <span class='ocrx_word' id='word_1_211' title='bbox 880 3033 1314 3130; x_wconf 22' lang='lat' dir='ltr'>postremisfltemporibus</span> <span class='ocrx_word' id='word_1_212' title='bbox 1336 3031 1436 3110; x_wconf 90' lang='lat' dir='ltr'>Deus</span> <span class='ocrx_word' id='word_1_213' title='bbox 1459 3035 1625 3134; x_wconf 87' lang='lat' dir='ltr'>perderet</span> 
     </span>
     <span class='ocr_line' id='line_1_24' title="bbox 230 3146 1619 3252; baseline 0.001 -28"><span class='ocrx_word' id='word_1_214' title='bbox 230 3154 429 3252; x_wconf 80' lang='lat' dir='ltr'>pervicaces</span> <span class='ocrx_word' id='word_1_215' title='bbox 446 3147 617 3236; x_wconf 86' lang='lat' dir='ltr'>rebelles,</span> <span class='ocrx_word' id='word_1_216' title='bbox 651 3146 860 3248; x_wconf 82' lang='lat' dir='ltr'>novquue</span> <span class='ocrx_word' id='word_1_217' title='bbox 875 3171 960 3224; x_wconf 90' lang='lat' dir='ltr'>cum</span> <span class='ocrx_word' id='word_1_218' title='bbox 974 3146 1037 3225; x_wconf 92' lang='lat' dir='ltr'>suo</span> <span class='ocrx_word' id='word_1_219' title='bbox 1052 3147 1193 3246; x_wconf 88' lang='lat' dir='ltr'>populo</span> <span class='ocrx_word' id='word_1_220' title='bbox 1216 3147 1335 3226; x_wconf 89' lang='lat' dir='ltr'>foedus</span> <span class='ocrx_word' id='word_1_221' title='bbox 1348 3151 1476 3226; x_wconf 86' lang='lat' dir='ltr'>seriret</span> <span class='ocrx_word' id='word_1_222' title='bbox 1509 3147 1619 3241; x_wconf 88' lang='lat' dir='ltr'>Tum,</span> 
     </span>
     <span class='ocr_line' id='line_1_25' title="bbox 229 3263 1625 3364; baseline 0 -18"><span class='ocrx_word' id='word_1_223' title='bbox 229 3267 381 3348; x_wconf 74' lang='lat' dir='ltr'>Promis</span> <span class='ocrx_word' id='word_1_224' title='bbox 394 3267 584 3343; x_wconf 81' lang='lat' dir='ltr'>adtendere</span> <span class='ocrx_word' id='word_1_225' title='bbox 597 3290 688 3348; x_wconf 78' lang='lat' dir='ltr'>vera</span> <span class='ocrx_word' id='word_1_226' title='bbox 708 3263 867 3343; x_wconf 79' lang='lat' dir='ltr'>Ecclesiae</span> <span class='ocrx_word' id='word_1_227' title='bbox 887 3263 1032 3364; x_wconf 81' lang='lat' dir='ltr'>mlignis</span> <span class='ocrx_word' id='word_1_228' title='bbox 1052 3281 1141 3341; x_wconf 88' lang='lat' dir='ltr'>nota</span> <span class='ocrx_word' id='word_1_229' title='bbox 1158 3264 1217 3340; x_wconf 77' lang='lat' dir='ltr'>est</span> <span class='ocrx_word' id='word_1_230' title='bbox 1249 3263 1318 3352; x_wconf 68' lang='lat' dir='ltr'>os,</span> <span class='ocrx_word' id='word_1_231' title='bbox 1344 3271 1463 3357; x_wconf 90' lang='lat' dir='ltr'>enim,</span> <span class='ocrx_word' id='word_1_232' title='bbox 1486 3273 1625 3347; x_wconf 88' lang='lat' dir='ltr'>ratione</span> 
     </span>
     <span class='ocr_line' id='line_1_26' title="bbox 231 3368 1623 3492; baseline -0.001 -28"><span class='ocrx_word' id='word_1_233' title='bbox 231 3385 333 3464; x_wconf 85' lang='lat' dir='ltr'>Deus</span> <span class='ocrx_word' id='word_1_234' title='bbox 348 3368 512 3462; x_wconf 72' lang='lat' dir='ltr'>vatibinia</span> <span class='ocrx_word' id='word_1_235' title='bbox 532 3383 731 3470; x_wconf 87' lang='lat' dir='ltr'>ordinavit,</span> <span class='ocrx_word' id='word_1_236' title='bbox 757 3398 799 3460; x_wconf 94' lang='lat' dir='ltr'>ut</span> <span class='ocrx_word' id='word_1_237' title='bbox 822 3383 1008 3482; x_wconf 88' lang='lat' dir='ltr'>postremis</span> <span class='ocrx_word' id='word_1_238' title='bbox 1022 3383 1246 3481; x_wconf 83' lang='lat' dir='ltr'>temporibus</span> <span class='ocrx_word' id='word_1_239' title='bbox 1266 3375 1410 3488; x_wconf 80' lang='lat' dir='ltr'>Sapiens</span> <span class='ocrx_word' id='word_1_240' title='bbox 1426 3385 1623 3492; x_wconf 68' lang='lat' dir='ltr'>intelligere</span> 
     </span>
     <span class='ocr_line' id='line_1_27' title="bbox 229 3493 1623 3608; baseline 0 -29"><span class='ocrx_word' id='word_1_241' title='bbox 229 3494 407 3608; x_wconf 71' lang='lat' dir='ltr'>improbi,</span> <span class='ocrx_word' id='word_1_242' title='bbox 431 3521 574 3590; x_wconf 80' lang='lat' dir='ltr'>autern,</span> <span class='ocrx_word' id='word_1_243' title='bbox 592 3520 698 3602; x_wconf 78' lang='lat' dir='ltr'>agenr</span> <span class='ocrx_word' id='word_1_244' title='bbox 712 3493 880 3605; x_wconf 77' lang='lat' dir='ltr'>improbi,</span> <span class='ocrx_word' id='word_1_245' title='bbox 905 3525 967 3574; x_wconf 86' lang='lat' dir='ltr'>nec</span> <span class='ocrx_word' id='word_1_246' title='bbox 984 3497 1048 3576; x_wconf 66' lang='lat' dir='ltr'>usi</span> <span class='ocrx_word' id='word_1_247' title='bbox 1071 3493 1219 3604; x_wconf 73' lang='lat' dir='ltr'>bnprabr&#39;</span> <span class='ocrx_word' id='word_1_248' title='bbox 1234 3497 1523 3604; x_wconf 73' lang='lat' dir='ltr'>animadvertent</span> <span class='ocrx_word' id='word_1_249' title='bbox 1547 3505 1623 3602; x_wconf 78' lang='lat' dir='ltr'><em>(a).</em></span> 
     </span>
     <span class='ocr_line' id='line_1_28' title="bbox 231 3615 1626 3724; baseline 0 -26"><span class='ocrx_word' id='word_1_250' title='bbox 231 3619 432 3698; x_wconf 74' lang='lat' dir='ltr'>Austotitas</span> <span class='ocrx_word' id='word_1_251' title='bbox 453 3619 737 3724; x_wconf 77' lang='lat' dir='ltr'>Imperatorum,</span> <span class='ocrx_word' id='word_1_252' title='bbox 759 3618 927 3716; x_wconf 84' lang='lat' dir='ltr'>Regum,</span> <span class='ocrx_word' id='word_1_253' title='bbox 953 3615 1185 3716; x_wconf 87' lang='lat' dir='ltr'>Principum,</span> <span class='ocrx_word' id='word_1_254' title='bbox 1212 3617 1368 3698; x_wconf 87' lang='lat' dir='ltr'>humana</span> <span class='ocrx_word' id='word_1_255' title='bbox 1390 3622 1462 3697; x_wconf 87' lang='lat' dir='ltr'>est:</span> <span class='ocrx_word' id='word_1_256' title='bbox 1493 3623 1626 3700; x_wconf 91' lang='lat' dir='ltr'>Conci-</span> 
     </span>
     <span class='ocr_line' id='line_1_29' title="bbox 227 3733 1627 3836; baseline 0.001 -22"><span class='ocrx_word' id='word_1_257' title='bbox 227 3738 388 3824; x_wconf 91' lang='lat' dir='ltr'>liorum,</span> <span class='ocrx_word' id='word_1_258' title='bbox 421 3735 680 3836; x_wconf 75' lang='lat' dir='ltr'>synodorum,</span> <span class='ocrx_word' id='word_1_259' title='bbox 706 3735 997 3836; x_wconf 89' lang='lat' dir='ltr'>Episcoporum,</span> <span class='ocrx_word' id='word_1_260' title='bbox 1025 3733 1318 3834; x_wconf 84' lang='lat' dir='ltr'>Presbyterorum</span> <span class='ocrx_word' id='word_1_261' title='bbox 1346 3738 1532 3828; x_wconf 69' lang='lat' dir='ltr'>auctoritas</span> <span class='ocrx_word' id='word_1_262' title='bbox 1559 3739 1627 3816; x_wconf 86' lang='lat' dir='ltr'>hu·</span> 
     </span>
     <span class='ocr_line' id='line_1_30' title="bbox 227 3851 1688 3953; baseline -0.001 -19"><span class='ocrx_word' id='word_1_263' title='bbox 227 3879 348 3934; x_wconf 79' lang='lat' dir='ltr'>mana.</span> <span class='ocrx_word' id='word_1_264' title='bbox 392 3853 614 3932; x_wconf 78' lang='lat' dir='ltr'>Proletarum</span> <span class='ocrx_word' id='word_1_265' title='bbox 634 3853 820 3931; x_wconf 72' lang='lat' dir='ltr'>austoritas</span> <span class='ocrx_word' id='word_1_266' title='bbox 835 3853 954 3928; x_wconf 86' lang='lat' dir='ltr'>divina</span> <span class='ocrx_word' id='word_1_267' title='bbox 971 3853 1041 3938; x_wconf 89' lang='lat' dir='ltr'>est,</span> <span class='ocrx_word' id='word_1_268' title='bbox 1075 3875 1115 3928; x_wconf 90' lang='lat' dir='ltr'>ac</span> <span class='ocrx_word' id='word_1_269' title='bbox 1128 3851 1303 3930; x_wconf 87' lang='lat' dir='ltr'>summam</span> <span class='ocrx_word' id='word_1_270' title='bbox 1326 3853 1524 3953; x_wconf 87' lang='lat' dir='ltr'>Religionis</span> <span class='ocrx_word' id='word_1_271' title='bbox 1538 3878 1626 3932; x_wconf 87' lang='lat' dir='ltr'>con·</span> <span class='ocrx_word' id='word_1_272' title='bbox 1683 3933 1688 3945; x_wconf 73' lang='grc'><em>,</em></span> 
     </span>
     <span class='ocr_line' id='line_1_31' title="bbox 230 3969 1626 4103; baseline 0.001 -55"><span class='ocrx_word' id='word_1_273' title='bbox 230 3977 344 4074; x_wconf 81' lang='lat' dir='ltr'>tinet,</span> <span class='ocrx_word' id='word_1_274' title='bbox 371 3971 417 4048; x_wconf 83' lang='lat' dir='ltr'>M</span> <span class='ocrx_word' id='word_1_275' title='bbox 429 3995 453 4048; x_wconf 90' lang='lat' dir='ltr'>o</span> <span class='ocrx_word' id='word_1_276' title='bbox 466 3993 523 4047; x_wconf 83' lang='lat' dir='ltr'>sn.</span> <span class='ocrx_word' id='word_1_277' title='bbox 539 3973 576 4046; x_wconf 89' lang='lat'>&amp;</span> <span class='ocrx_word' id='word_1_278' title='bbox 598 3970 781 4103; x_wconf 79' lang='lat' dir='ltr'>Apostolis</span> <span class='ocrx_word' id='word_1_279' title='bbox 797 3973 904 4048; x_wconf 91' lang='lat' dir='ltr'>etiam</span> <span class='ocrx_word' id='word_1_280' title='bbox 925 3972 963 4044; x_wconf 94' lang='lat' dir='ltr'>in</span> <span class='ocrx_word' id='word_1_281' title='bbox 983 3969 1206 4048; x_wconf 83' lang='lat' dir='ltr'>Profetarum</span> <span class='ocrx_word' id='word_1_282' title='bbox 1222 3993 1373 4049; x_wconf 89' lang='lat' dir='ltr'>numero</span> <span class='ocrx_word' id='word_1_283' title='bbox 1389 3973 1626 4072; x_wconf 86' lang='lat' dir='ltr'>comprehen-</span> 
     </span>
     <span class='ocr_line' id='line_1_32' title="bbox 228 4064 1627 4191; baseline 0.001 -26"><span class='ocrx_word' id='word_1_284' title='bbox 228 4064 305 4165; x_wconf 83' lang='lat' dir='ltr'>sis:</span> <span class='ocrx_word' id='word_1_285' title='bbox 340 4086 385 4164; x_wconf 85' lang='lat' dir='ltr'>Et</span> <span class='ocrx_word' id='word_1_286' title='bbox 402 4083 441 4187; x_wconf 80' lang='lat' dir='ltr'><em>fi</em></span> <span class='ocrx_word' id='word_1_287' title='bbox 461 4081 589 4191; x_wconf 80' lang='lat' dir='ltr'><em>Angel</em></span> <span class='ocrx_word' id='word_1_288' title='bbox 583 4113 657 4164; x_wconf 83' lang='lat' dir='ltr'>use</span> <span class='ocrx_word' id='word_1_289' title='bbox 642 4080 757 4162; x_wconf 77' lang='lat' dir='ltr'>calo</span> <span class='ocrx_word' id='word_1_290' title='bbox 781 4085 886 4162; x_wconf 79' lang='lat' dir='ltr'>aliud</span> <span class='ocrx_word' id='word_1_291' title='bbox 897 4079 1140 4190; x_wconf 70' lang='lat' dir='ltr'>Evangelium</span> <span class='ocrx_word' id='word_1_292' title='bbox 1158 4093 1369 4177; x_wconf 76' lang='lat' dir='ltr'>annunciet,</span> <span class='ocrx_word' id='word_1_293' title='bbox 1397 4088 1504 4189; x_wconf 67' lang='lat' dir='ltr'>quom</span> <span class='ocrx_word' id='word_1_294' title='bbox 1523 4089 1627 4191; x_wconf 91' lang='lat' dir='ltr'>quod</span> 
     </span>
     <span class='ocr_line' id='line_1_33' title="bbox 95 4196 1628 4322; baseline 0.001 -38"><span class='ocrx_word' id='word_1_295' title='bbox 95 4303 100 4312; x_wconf 25' lang='grc' dir='ltr'><strong><em>Ι</em></strong></span> <span class='ocrx_word' id='word_1_296' title='bbox 234 4207 287 4284; x_wconf 85' lang='lat' dir='ltr'>illi</span> <span class='ocrx_word' id='word_1_297' title='bbox 308 4205 548 4293; x_wconf 80' lang='lat' dir='ltr'>tradtderunt,</span> <span class='ocrx_word' id='word_1_298' title='bbox 574 4199 785 4280; x_wconf 81' lang='lat' dir='ltr'>Anarhema</span> <span class='ocrx_word' id='word_1_299' title='bbox 809 4196 946 4302; x_wconf 84' lang='lat' dir='ltr'>esto(b</span> <span class='ocrx_word' id='word_1_300' title='bbox 954 4203 1001 4301; x_wconf 93' lang='grc'>)</span> <span class='ocrx_word' id='word_1_301' title='bbox 1046 4201 1193 4282; x_wconf 92' lang='lat' dir='ltr'>Horum</span> <span class='ocrx_word' id='word_1_302' title='bbox 1215 4203 1341 4322; x_wconf 86' lang='lat' dir='ltr'>scripta</span> <span class='ocrx_word' id='word_1_303' title='bbox 1366 4206 1486 4284; x_wconf 87' lang='lat' dir='ltr'>foedus</span> <span class='ocrx_word' id='word_1_304' title='bbox 1510 4213 1628 4286; x_wconf 90' lang='lat' dir='ltr'>couti</span> 
     </span>
     <span class='ocr_line' id='line_1_34' title="bbox 233 4307 1629 4428; baseline 0.002 -27"><span class='ocrx_word' id='word_1_305' title='bbox 233 4307 346 4410; x_wconf 85' lang='lat' dir='ltr'>nent,</span> <span class='ocrx_word' id='word_1_306' title='bbox 380 4323 479 4422; x_wconf 91' lang='lat' dir='ltr'>quod</span> <span class='ocrx_word' id='word_1_307' title='bbox 500 4323 550 4398; x_wconf 89' lang='lat' dir='ltr'>est</span> <span class='ocrx_word' id='word_1_308' title='bbox 570 4321 695 4401; x_wconf 90' lang='lat' dir='ltr'>Deum</span> <span class='ocrx_word' id='word_1_309' title='bbox 714 4325 806 4399; x_wconf 90' lang='lat' dir='ltr'>inter</span> <span class='ocrx_word' id='word_1_310' title='bbox 823 4317 965 4420; x_wconf 73' lang='lat' dir='ltr'>uirisque</span> <span class='ocrx_word' id='word_1_311' title='bbox 983 4313 1183 4420; x_wconf 85' lang='lat' dir='ltr'>populum,</span> <span class='ocrx_word' id='word_1_312' title='bbox 1209 4343 1294 4400; x_wconf 88' lang='lat' dir='ltr'>cum</span> <span class='ocrx_word' id='word_1_313' title='bbox 1313 4328 1462 4402; x_wconf 88' lang='lat' dir='ltr'>monitis</span> <span class='ocrx_word' id='word_1_314' title='bbox 1481 4324 1526 4402; x_wconf 89' lang='lat' dir='ltr'>de</span> <span class='ocrx_word' id='word_1_315' title='bbox 1539 4349 1629 4428; x_wconf 74' lang='lat' dir='ltr'>pras·</span> 
     </span>
     <span class='ocr_line' id='line_1_35' title="bbox 233 4437 1630 4542; baseline 0 -20"><span class='ocrx_word' id='word_1_316' title='bbox 233 4441 385 4528; x_wconf 72' lang='lat' dir='ltr'>umus,</span> <span class='ocrx_word' id='word_1_317' title='bbox 402 4463 480 4542; x_wconf 85' lang='lat' dir='ltr'>quae</span> <span class='ocrx_word' id='word_1_318' title='bbox 497 4439 717 4522; x_wconf 84' lang='lat' dir='ltr'>illudsoedus</span> <span class='ocrx_word' id='word_1_319' title='bbox 733 4443 866 4541; x_wconf 81' lang='lat' dir='ltr'>exigit,</span> <span class='ocrx_word' id='word_1_320' title='bbox 894 4437 1066 4538; x_wconf 89' lang='lat' dir='ltr'>exemplis</span> <span class='ocrx_word' id='word_1_321' title='bbox 1080 4441 1272 4537; x_wconf 85' lang='lat' dir='ltr'>poenarum</span> <span class='ocrx_word' id='word_1_322' title='bbox 1288 4441 1513 4524; x_wconf 88' lang='lat' dir='ltr'>divinarum</span> <span class='ocrx_word' id='word_1_323' title='bbox 1503 4466 1541 4518; x_wconf 91' lang='lat' dir='ltr'>m</span> <span class='ocrx_word' id='word_1_324' title='bbox 1555 4447 1630 4542; x_wconf 81' lang='lat' dir='ltr'>ejus</span> 
     </span>
    </p>
   </div>
   <div class='ocr_carea' id='block_1_3' title="bbox 1041 4555 1630 4662">
    <p class='ocr_par' dir='ltr' id='par_1_3' title="bbox 1041 4555 1630 4662">
     <span class='ocr_line' id='line_1_36' title="bbox 1041 4555 1630 4662; baseline 0.01 -28"><span class='ocrx_word' id='word_1_325' title='bbox 1041 4555 1129 4635; x_wconf 90' lang='grc' dir='ltr'>Οο</span> <span class='ocrx_word' id='word_1_326' title='bbox 1193 4577 1216 4636; x_wconf 85' lang='lat' dir='ltr'>a</span> <span class='ocrx_word' id='word_1_327' title='bbox 1503 4576 1630 4662; x_wconf 83' lang='lat' dir='ltr'>rupto-</span> 
     </span>
    </p>
   </div>
   <div class='ocr_carea' id='block_1_4' title="bbox 322 4708 1288 4794">
    <p class='ocr_par' dir='ltr' id='par_1_4' title="bbox 322 4708 1288 4794">
     <span class='ocr_line' id='line_1_37' title="bbox 322 4708 1288 4794; baseline 0.004 -18"><span class='ocrx_word' id='word_1_328' title='bbox 322 4713 391 4794; x_wconf 79' lang='grc' dir='ltr'>(ι)</span> <span class='ocrx_word' id='word_1_329' title='bbox 409 4712 480 4782; x_wconf 87' lang='lat' dir='ltr'>Dan.</span> <span class='ocrx_word' id='word_1_330' title='bbox 499 4709 567 4781; x_wconf 85' lang='lat' dir='ltr'>xn.</span> <span class='ocrx_word' id='word_1_331' title='bbox 587 4733 615 4792; x_wconf 76' lang='lat'>9,</span> <span class='ocrx_word' id='word_1_332' title='bbox 636 4731 682 4778; x_wconf 79' lang='grc' dir='ltr'>ιο.</span> <span class='ocrx_word' id='word_1_333' title='bbox 986 4713 1053 4792; x_wconf 79' lang='lat' dir='ltr'>(t)</span> <span class='ocrx_word' id='word_1_334' title='bbox 1075 4708 1143 4778; x_wconf 77' lang='lat' dir='ltr'>cal.</span> <span class='ocrx_word' id='word_1_335' title='bbox 1161 4715 1185 4780; x_wconf 93' lang='lat' dir='ltr'>l.</span> <span class='ocrx_word' id='word_1_336' title='bbox 1206 4724 1236 4790; x_wconf 80' lang='lat'>8.</span> <span class='ocrx_word' id='word_1_337' title='bbox 1259 4730 1288 4794; x_wconf 71' lang='lat' dir='ltr'>s.</span> 
     </span>
    </p>
   </div>
   <div class='ocr_carea' id='block_1_5' title="bbox 0 0 2259 5812">
    <p class='ocr_par' dir='ltr' id='par_1_5' title="bbox 0 0 2259 5812">
     <span class='ocr_line' id='line_1_38' title="bbox 0 0 2259 5812; baseline 0 0"><span class='ocrx_word' id='word_1_338' title='bbox 0 0 2259 5812; x_wconf 95' lang='lat' dir='ltr'> </span> 
     </span>
    </p>
   </div>
  </div>
 </body>
</html>
