5092 5906
444 315 728 408 cnxouor.
760 311 960 410 rurus.
1001 315 1183 402 nucu,
1209 309 1431 408 uMexu
1445 321 1571 409 aru.
1666 347 1716 428 ⁶9

325 507 405 570 sein
432 483 557 560 saltem
584 480 766 560 Gradibus
795 479 1048 582 retrogressutir
1074 481 1361 573 socratitloco,
1399 509 1515 587 quem
1538 489 1721 588 principio
1734 469 1896 612 corporo-

310 601 543 701 occupabat.
594 601 707 701 Atqui
728 600 1000 700 AEquinottium
1030 624 1107 677 uno
1135 600 1257 679 Gradu
1288 606 1520 682 retrocedens
1551 629 1616 706 per
1644 567 1900 706 sep-ffisraeco'

251 759 257 774 ·
329 725 493 821 tuaginta
518 715 611 794 duos
635 741 771 807 annos,
802 722 842 792 in
858 718 995 818 septem
1015 715 1194 796 Gradibus
1214 720 1446 819 peragrandis
1469 720 1719 824 consumpsisse

327 843 438 923 debet
466 859 581 912 annos
607 849 762 938 quatuor
792 835 827 912 &
850 837 1080 936 quingentos:
1095 838 1206 934 igitur
1226 841 1382 914 totidem
1405 863 1519 917 annos
1545 856 1719 941 computa
1773 857 1776 863 '

330 963 375 1040 ab
413 967 495 1048 316
519 948 558 1030 N
567 975 1005 1032 uooxxssnxtanno
1033 954 1215 1054 superiora
1248 971 1411 1053 tempora
1442 955 1579 1046 versus,
1610 973 1717 1062 atque

331 1075 634 1180 Argonautarum
660 1072 847 1172 expeditio
871 1071 1009 1148 incidet
1038 1076 1076 1147 iu
1098 1072 1409 1174 quadragesimum
1437 1091 1624 1175 partum,
1652 1081 1720 1152 cir·-

271 1248 274 1256 .
329 1202 446 1280 citer,
477 1212 614 1270 annunt
625 1192 708 1291 post
737 1189 1042 1267 Saxonoxrs
1059 1191 1264 1280 interitum,
1289 1207 1330 1270 ut
1361 1190 1463 1290 supra
1488 1207 1719 1294 compertum

295 1317 453 1392 'suerat
518 1307 618 1387 Hinc
646 1308 745 1384 vides
785 1305 896 1408 quim
926 1329 1006 1384 vera
1031 1308 1162 1384 dixerit
1200 1310 1458 1387 dextruas
1485 1309 1722 1403 Tarrus3

331 1434 472 1530 dequo
502 1433 575 1527 jam
604 1428 745 1502 mentio
772 1423 862 1500 sada
885 1425 960 1512 est,
990 1421 1078 1501 ciana
1097 1425 1244 1522 xasseruit
1265 1425 1440 1504 Veterum
1457 1425 1545 1503 alios
1569 1426 1720 1504 statuisse

331 1547 532 1628 Solstitiunr
557 1549 596 1621 in
625 1545 752 1620 odavo
788 1531 922 1619 Cancri
953 1539 1115 1630 Gradu,
1146 1545 1235 1624 alios
1272 1548 1314 1622 in
1340 1543 1590 1643 duodecimo,
1619 1547 1722 1622 circi-

331 1679 427 1760 ter,
463 1666 556 1742 alios
598 1662 759 1761 denique
798 1663 940 1738 circiter
976 1658 1162 1738 dennuni
1207 1668 1376 1766 quintum
1421 1661 1576 1758 ejusdem
1619 1663 1722 1762 Signi

332 1783 507 1864 Gradum.

418 1898 580 1978 Eximius
610 1896 670 1973 ille
689 1893 925 1976 Astronomus
952 1891 1270 1977 Hruexxcxos
1293 1903 1481 1980 conserens
1503 1897 1721 1976 observatio-

292 2044 297 2058 “
329 2043 428 2107 nes,
456 2041 542 2120 quas
567 2014 640 2114 ipse
674 2014 807 2092 fecerat
838 2039 924 2091 cuni
950 2017 1017 2102 iis,
1048 2039 1135 2115 quas
1169 2020 1306 2116 priores
1336 2020 1543 2096 Astrononii
1567 2017 1723 2117 relique·

330 2149 414 2214 rant
429 2161 453 2224 3·
473 2137 611 2235 primus
631 2135 798 2208 omnium
822 2132 1005 2231 perspexit
1033 2127 1136 2232 qudd
1158 2127 1389 2232 AEquinoitia
1415 2136 1464 2211 ad
1482 2133 1570 2208 fixas
1594 2133 1720 2208 Stellas

331 2255 442 2338 relata
467 2250 805 2348 retrogrediuntur,
836 2250 873 2323 dc
902 2250 1042 2348 putavit
1079 2249 1139 2325 illa
1167 2253 1466 2348 retrogrediendo
1494 2274 1608 2325 unum
1643 2273 1723 2348 gra·
1772 2249 1775 2255 ’
1856 2294 1860 2302 -

330 2372 426 2448 dum
450 2391 636 2471 peragrare
670 2362 815 2463 singulis
848 2377 995 2445 centurn
1028 2367 1139 2442 annis.
1201 2366 1235 2444 Is
1263 2368 1491 2469 AEquinodia
1522 2367 1721 2444 observavit

329 2491 378 2568 ab
403 2513 500 2566 anno
529 2485 894 2562 Nnuouassxxr
929 2495 1013 2577 586
1044 2483 1089 2558 ad
1122 2498 1235 2570 618:
1263 2487 1357 2562 inter
1383 2484 1643 2588 quosniedius
1671 2484 1720 2560 est

328 2631 450 2686 annus
477 2619 587 2691 602,
615 2605 679 2702 qui
700 2615 786 2689 286
803 2603 903 2676 annis
931 2599 1107 2699 posterior
1123 2602 1172 2677 est
1191 2615 1381 2703 tempore,
1402 2627 1477 2704 quo
1495 2600 1540 2678 M
1553 2629 1574 2676 e
1588 2626 1613 2677 r
1626 2623 1689 2679 ox
1708 2637 1736 2699 ,·

328 2728 373 2802 dc
403 2721 678 2802 Euc'renon
705 2717 971 2794 observationes
991 2716 1065 2794 suas
1087 2717 1259 2796 fecerunt
1298 2720 1383 2798 Hoc
1401 2722 1576 2822 temporis
1606 2719 1720 2819 spatio

325 2841 558 2942 AEquinostii
581 2832 749 2937 regreffio
774 2835 882 2912 debet
905 2832 1005 2911 fuisse
1036 2849 1191 2936 quatuor
1223 2836 1432 2936 Graduun15
1453 2841 1627 2941 quocirca
1656 2836 1723 2914 AE-

326 2957 563 3064 quinodium
584 2956 631 3034 ad
654 2951 810 3032 Hirri
826 2976 946 3030 noni
966 2967 1132 3053 tempora
1159 2969 1232 3030 erat
1254 2957 1293 3032 in
1316 2970 1445 3057 quarto
1473 2953 1618 3033 Arietis
1634 2953 1726 3032 Gra·
1864 3049 1867 3056 ⁴

226 3151 229 3160 ,
326 3080 412 3156 du:
444 3074 545 3154 unde
571 3072 636 3172 fit,
658 3087 700 3150 ut
725 3070 816 3148 illud
835 3087 924 3148 tunc
950 3085 1135 3150 remotum
1158 3072 1268 3149 suerit
1296 3099 1361 3174 per
1387 3076 1560 3152 undecim
1581 3071 1723 3151 Gradus
1840 3085 1846 3091 ’

324 3191 348 3272 ὲ
372 3196 465 3271 loco
486 3215 597 3295 quem
624 3188 826 3290 occupabat
840 3189 903 3268 sub
923 3185 1229 3291 Argonautarum
1249 3192 1511 3292 expeditione,
1530 3193 1642 3282 idest,
1663 3215 1726 3268 an-

324 3337 384 3391 no
415 3309 592 3388 antehoc
618 3325 762 3408 tempus
784 3331 894 3398 1090
909 3335 915 3387 ς
932 3305 1132 3384 secundiim
1157 3307 1451 3410 Chronologiam
1469 3326 1561 3389 tunc
1583 3307 1603 3388 a
1622 3303 1725 3386 Grae-

325 3435 382 3510 eis
419 3427 656 3528 usurpatam5
689 3425 794 3527 quod·
819 3423 950 3502 recidit
979 3424 1026 3500 ad
1062 3429 1261 3524 nonaginta
1295 3451 1430 3506 noveni
1459 3451 1600 3516 annos,
1631 3443 1721 3515 aut,
1778 3511 1782 3520 ,

323 3569 491 3626 numero
517 3545 680 3622 rotundo
704 3543 1108 3643 quarn-proxi·no,ad
1141 3565 1255 3620 annos
1288 3548 1614 3646 centurn,·quibus
1631 3546 1728 3644 elap-

323 3665 374 3742 fis
391 3662 671 3765 AEquinoeiiunr
692 3675 774 3737 toto
792 3685 868 3736 uno
893 3657 1018 3736 Gradu
1033 3657 1302 3768 retrocesserat,
1331 3677 1373 3740 ut
1391 3661 1452 3740 H1
1466 3687 1517 3739 1²1³
1531 3680 1729 3740 nuestus

328 3783 579 3862 constituerat
624 3778 694 3856 Sed
713 3779 825 3877 reipsa
839 3775 1011 3876 regressus
1026 3778 1088 3854 iste
1111 3776 1156 3854 fit·
1172 3777 1395 3878 septuaginta
1423 3782 1565 3859 duobus
1600 3781 1726 3872 annis,

327 3903 370 3978 δι
395 3901 535 4000 septem
566 3897 706 3977 Gradus
737 3895 974 3972 decutiuntur
1005 3898 1106 3996 annis
1140 3896 1376 3995 septingentis
1405 3903 1604 3997 nonaginta
1634 3897 1726 3974 duo-

327 4018 433 4094 bus:
466 4017 606 4113 igitur,
644 4011 669 4090 fi
696 4011 890 4090 retrorsum
920 4027 1111 4113 compotes
1131 4012 1210 4090 'hos
1242 4013 1487 4114 septingentos
1531 4017 1730 4114 nonaginta

334 4133 434 4212 duos
455 4155 571 4209 annos
596 4133 640 4209 ab
671 4147 759 4212 602.
790 4131 827 4208 N
839 4153 1160 4220 nnouxsssxr
1188 4155 1313 4222 anno,
1343 4131 1467 4235 inquo
1498 4139 1571 4233 jani
1602 4157 1731 4213 nume·

330 4273 414 4328 rare
429 4251 734 4347 coepimusannos
746 4249 921 4327 ducentos
931 4247 1322 4348 onogtntasex,qutbus
1338 4251 1629 4330 observationum
1641 4267 1732 4328 teni-

324 4389 427 4466 pora
457 4367 654 4456 differunt,
670 4367 797 4446 recidit
812 4359 1116 4468 Argonautarum
1137 4367 1324 4465 expeditio
1350 4372 1389 4444 in
1410 4393 1546 4447 annum
1581 4370 1732 4472 quadra-

322 4485 515 4586 gesimum
535 4485 704 4575 tertium,
725 4487 877 4577 circiter,
889 4485 972 4590 post
993 4484 1164 4566 Saron
1176 4506 1243 4563 ox
1255 4489 1505 4598 rsinterituun
1527 4487 1529 4494 ’
1546 4486 1654 4570 Unde
1672 4507 1733 4584 pa-

1114 4599 1133 4682 Ι
1185 4625 1203 4696 a
1654 4617 1730 4698 tet.
