<?xml version="1.0" encoding="UTF-8"?>
<!DOCTYPE html PUBLIC "-//W3C//DTD XHTML 1.0 Transitional//EN"
    "http://www.w3.org/TR/xhtml1/DTD/xhtml1-transitional.dtd">
<html xmlns="http://www.w3.org/1999/xhtml" xml:lang="en" lang="en">
 <head>
  <title>
</title>
<meta http-equiv="Content-Type" content="text/html;charset=utf-8" />
  <meta name='ocr-system' content='tesseract 3.04.00' />
  <meta name='ocr-capabilities' content='ocr_page ocr_carea ocr_par ocr_line ocrx_word'/>
</head>
<body>
  <div class='ocr_page' id='page_1' title='image "./isaacinewtonieq00newtgoog_0483.png"; bbox 0 0 4434 5850; ppageno 0'>
   <div class='ocr_carea' id='block_1_1' title="bbox 415 491 574 592">
    <p class='ocr_par' dir='ltr' id='par_1_1' title="bbox 415 491 574 592">
     <span class='ocr_line' id='line_1_1' title="bbox 415 491 574 592; baseline 0.006 -6"><span class='ocrx_word' id='word_1_1' title='bbox 415 491 574 592; x_wconf 84' lang='lat' dir='ltr'>orum.</span> 
     </span>
    </p>
   </div>
   <div class='ocr_carea' id='block_1_2' title="bbox 408 680 578 854">
    <p class='ocr_par' dir='ltr' id='par_1_2' title="bbox 408 680 578 854">
     <span class='ocr_line' id='line_1_2' title="bbox 409 680 578 784; baseline 0.006 -16"><span class='ocrx_word' id='word_1_2' title='bbox 409 703 456 768; x_wconf 87' lang='lat' dir='ltr'>De</span> <span class='ocrx_word' id='word_1_3' title='bbox 469 680 578 784; x_wconf 56' lang='lat' dir='ltr'>lpidu-</span> 
     </span>
     <span class='ocr_line' id='line_1_3' title="bbox 408 785 543 854; baseline 0.007 -3"><span class='ocrx_word' id='word_1_4' title='bbox 408 787 441 851; x_wconf 81' lang='lat' dir='ltr'>le</span> <span class='ocrx_word' id='word_1_5' title='bbox 458 785 543 854; x_wconf 68' lang='lat' dir='ltr'>ferro</span> 
     </span>
    </p>
   </div>
   <div class='ocr_carea' id='block_1_3' title="bbox 596 309 1727 462">
    <p class='ocr_par' dir='ltr' id='par_1_3' title="bbox 596 309 1727 462">
     <span class='ocr_line' id='line_1_4' title="bbox 596 309 1727 462; baseline 0.003 -26"><span class='ocrx_word' id='word_1_6' title='bbox 596 355 679 462; x_wconf 76' lang='lat'>472</span> <span class='ocrx_word' id='word_1_7' title='bbox 866 309 1504 442; x_wconf 72' lang='lat' dir='ltr'>&#39;&#39;oror‘oo&#39;rore</span> <span class='ocrx_word' id='word_1_8' title='bbox 1571 347 1727 442; x_wconf 75' lang='lat' dir='ltr'>reru.</span> 
     </span>
    </p>
   </div>
   <div class='ocr_carea' id='block_1_4' title="bbox 589 510 1989 2512">
    <p class='ocr_par' dir='ltr' id='par_1_4' title="bbox 589 510 1989 2512">
     <span class='ocr_line' id='line_1_5' title="bbox 655 510 1985 624; baseline -0.002 -26"><span class='ocrx_word' id='word_1_9' title='bbox 655 517 699 598; x_wconf 93' lang='lat' dir='ltr'>ln</span> <span class='ocrx_word' id='word_1_10' title='bbox 723 517 817 598; x_wconf 70' lang='lat' dir='ltr'>sexti</span> <span class='ocrx_word' id='word_1_11' title='bbox 841 517 1019 622; x_wconf 76' lang='lat' dir='ltr'>Epistold,</span> <span class='ocrx_word' id='word_1_12' title='bbox 1046 546 1125 622; x_wconf 83' lang='lat' dir='ltr'>quoe</span> <span class='ocrx_word' id='word_1_13' title='bbox 1149 523 1198 598; x_wconf 88' lang='lat' dir='ltr'>est</span> <span class='ocrx_word' id='word_1_14' title='bbox 1214 519 1259 598; x_wconf 80' lang='lat' dir='ltr'>ad</span> <span class='ocrx_word' id='word_1_15' title='bbox 1281 519 1464 620; x_wconf 86' lang='lat' dir='ltr'>Angelum</span> <span class='ocrx_word' id='word_1_16' title='bbox 1482 517 1642 600; x_wconf 81' lang='lat' dir='ltr'>Ecclesrae</span> <span class='ocrx_word' id='word_1_17' title='bbox 1666 510 1985 624; x_wconf 78' lang='lat' dir='ltr'>Philadelpbenfis,</span> 
     </span>
     <span class='ocr_line' id='line_1_6' title="bbox 597 631 1989 748; baseline -0.004 -30"><span class='ocrx_word' id='word_1_18' title='bbox 597 643 647 718; x_wconf 85' lang='lat' dir='ltr'>ita</span> <span class='ocrx_word' id='word_1_19' title='bbox 670 631 830 742; x_wconf 71' lang='lat' dir='ltr'>Cbrssus</span> <span class='ocrx_word' id='word_1_20' title='bbox 850 637 1013 740; x_wconf 92' lang='lat' dir='ltr'>loquitur</span> <span class='ocrx_word' id='word_1_21' title='bbox 1034 637 1114 742; x_wconf 83' lang='lat' dir='ltr'>(e)</span> <span class='ocrx_word' id='word_1_22' title='bbox 1132 668 1140 715; x_wconf 77' lang='grc' dir='ltr'><strong>ι</strong></span> <span class='ocrx_word' id='word_1_23' title='bbox 1172 637 1376 748; x_wconf 69' lang='lat' dir='ltr'>Quium,</span> <span class='ocrx_word' id='word_1_24' title='bbox 1398 643 1596 740; x_wconf 84' lang='lat' dir='ltr'>imperante</span> <span class='ocrx_word' id='word_1_25' title='bbox 1620 638 1809 716; x_wconf 74' lang='lat' dir='ltr'>idololatrd</span> <span class='ocrx_word' id='word_1_26' title='bbox 1824 637 1989 740; x_wconf 78' lang='lat' dir='ltr'>Journ-</span> 
     </span>
     <span class='ocr_line' id='line_1_7' title="bbox 599 748 1988 866; baseline -0.005 -28"><span class='ocrx_word' id='word_1_27' title='bbox 599 784 625 838; x_wconf 82' lang='lat' dir='ltr'>u</span> <span class='ocrx_word' id='word_1_28' title='bbox 637 783 684 848; x_wconf 90' lang='grc' dir='ltr'>ο,</span> <span class='ocrx_word' id='word_1_29' title='bbox 719 785 798 836; x_wconf 79' lang='lat' dir='ltr'>mee</span> <span class='ocrx_word' id='word_1_30' title='bbox 811 762 990 866; x_wconf 77' lang='lat' dir='ltr'>patientie</span> <span class='ocrx_word' id='word_1_31' title='bbox 998 753 1198 860; x_wconf 86' lang='lat' dir='ltr'>sermenem</span> <span class='ocrx_word' id='word_1_32' title='bbox 1220 784 1284 834; x_wconf 84' lang='lat' dir='ltr'>cen</span> <span class='ocrx_word' id='word_1_33' title='bbox 1298 749 1454 852; x_wconf 62' lang='lat' dir='ltr'>eruisti,</span> <span class='ocrx_word' id='word_1_34' title='bbox 1485 783 1546 862; x_wconf 82' lang='lat' dir='ltr'>ego</span> <span class='ocrx_word' id='word_1_35' title='bbox 1565 781 1699 863; x_wconf 82' lang='lat' dir='ltr'>queque</span> <span class='ocrx_word' id='word_1_36' title='bbox 1720 774 1757 832; x_wconf 79' lang='lat' dir='ltr'>te</span> <span class='ocrx_word' id='word_1_37' title='bbox 1779 748 1988 833; x_wconf 62' lang='lat' dir='ltr'>decertarie-</span> 
     </span>
     <span class='ocr_line' id='line_1_8' title="bbox 596 871 1989 984; baseline -0.004 -29"><span class='ocrx_word' id='word_1_38' title='bbox 596 883 655 955; x_wconf 81' lang='lat' dir='ltr'>rrr&#39;s</span> <span class='ocrx_word' id='word_1_39' title='bbox 673 871 765 954; x_wconf 66' lang='lat' dir='ltr'>hora*</span> <span class='ocrx_word' id='word_1_40' title='bbox 786 871 1023 968; x_wconf 72' lang='lat' dir='ltr'><em>conservabo,</em></span> <span class='ocrx_word' id='word_1_41' title='bbox 1056 902 1154 984; x_wconf 79' lang='lat' dir='ltr'>que,</span> <span class='ocrx_word' id='word_1_42' title='bbox 1187 877 1275 976; x_wconf 72' lang='lat' dir='ltr'>fugi</span> <span class='ocrx_word' id='word_1_43' title='bbox 1303 875 1461 954; x_wconf 90' lang='lat' dir='ltr'>mulieris</span> <span class='ocrx_word' id='word_1_44' title='bbox 1487 881 1526 952; x_wconf 88' lang='lat' dir='ltr'>&#39;m</span> <span class='ocrx_word' id='word_1_45' title='bbox 1553 875 1751 964; x_wconf 80' lang='lat' dir='ltr'>desertum,</span> <span class='ocrx_word' id='word_1_46' title='bbox 1783 875 1820 950; x_wconf 89' lang='lat'>&amp;</span> <span class='ocrx_word' id='word_1_47' title='bbox 1848 871 1989 952; x_wconf 79' lang='lat' dir='ltr'>bellolr</span> 
     </span>
     <span class='ocr_line' id='line_1_9' title="bbox 596 991 1989 1096; baseline -0.005 -19"><span class='ocrx_word' id='word_1_48' title='bbox 596 995 769 1077; x_wconf 86' lang='lat' dir='ltr'>Dracone</span> <span class='ocrx_word' id='word_1_49' title='bbox 793 995 950 1096; x_wconf 78' lang='lat' dir='ltr'>reliquiis</span> <span class='ocrx_word' id='word_1_50' title='bbox 972 995 1113 1074; x_wconf 81' lang='lat' dir='ltr'>seminis</span> <span class='ocrx_word' id='word_1_51' title='bbox 1142 993 1236 1072; x_wconf 83' lang='lat' dir='ltr'>illius</span> <span class='ocrx_word' id='word_1_52' title='bbox 1267 991 1386 1082; x_wconf 87' lang='lat' dir='ltr'>illato,</span> <span class='ocrx_word' id='word_1_53' title='bbox 1424 996 1462 1070; x_wconf 79' lang='lat' dir='ltr'>dc</span> <span class='ocrx_word' id='word_1_54' title='bbox 1497 993 1676 1072; x_wconf 88' lang='lat' dir='ltr'>oceisrone</span> <span class='ocrx_word' id='word_1_55' title='bbox 1704 995 1898 1086; x_wconf 86' lang='lat' dir='ltr'>omniurn,</span> <span class='ocrx_word' id='word_1_56' title='bbox 1925 993 1989 1092; x_wconf 93' lang='lat' dir='ltr'>qui</span> 
     </span>
     <span class='ocr_line' id='line_1_10' title="bbox 595 1103 1984 1216; baseline -0.006 -21"><span class='ocrx_word' id='word_1_57' title='bbox 595 1113 717 1195; x_wconf 85' lang='lat' dir='ltr'>Bestiae</span> <span class='ocrx_word' id='word_1_58' title='bbox 738 1117 935 1213; x_wconf 79' lang='lat' dir='ltr'><strong>imaginem</strong></span> <span class='ocrx_word' id='word_1_59' title='bbox 960 1112 1107 1190; x_wconf 86' lang='lat' dir='ltr'>adorare</span> <span class='ocrx_word' id='word_1_60' title='bbox 1127 1111 1310 1201; x_wconf 82' lang='lat' dir='ltr'>recusant,</span> <span class='ocrx_word' id='word_1_61' title='bbox 1330 1109 1677 1216; x_wconf 12' lang='lat' dir='ltr'>leventureestomm&#39;</span> <span class='ocrx_word' id='word_1_62' title='bbox 1698 1129 1875 1187; x_wconf 80' lang='lat' dir='ltr'>terrerum</span> <span class='ocrx_word' id='word_1_63' title='bbox 1888 1103 1984 1194; x_wconf 82' lang='lat' dir='ltr'>orbi,</span> 
     </span>
     <span class='ocr_line' id='line_1_11' title="bbox 595 1219 1988 1330; baseline -0.006 -20"><span class='ocrx_word' id='word_1_64' title='bbox 595 1251 639 1310; x_wconf 84' lang='lat' dir='ltr'>ret</span> <span class='ocrx_word' id='word_1_65' title='bbox 660 1219 841 1310; x_wconf 66' lang='lat' dir='ltr'>remenrr&#39;rr</span> <span class='ocrx_word' id='word_1_66' title='bbox 861 1223 955 1307; x_wconf 83' lang='lat' dir='ltr'>orbis</span> <span class='ocrx_word' id='word_1_67' title='bbox 973 1229 1111 1320; x_wconf 83' lang='lat' dir='ltr'>incole,</span> <span class='ocrx_word' id='word_1_68' title='bbox 1144 1234 1181 1308; x_wconf 80' lang='lat' dir='ltr'>dc</span> <span class='ocrx_word' id='word_1_69' title='bbox 1204 1229 1264 1306; x_wconf 85' lang='lat' dir='ltr'>fiat</span> <span class='ocrx_word' id='word_1_70' title='bbox 1289 1233 1381 1307; x_wconf 88' lang='lat' dir='ltr'>inter</span> <span class='ocrx_word' id='word_1_71' title='bbox 1402 1228 1496 1330; x_wconf 86' lang='lat' dir='ltr'>ipsos</span> <span class='ocrx_word' id='word_1_72' title='bbox 1515 1230 1714 1317; x_wconf 76' lang='lat' dir='ltr'>distinoio,</span> <span class='ocrx_word' id='word_1_73' title='bbox 1731 1227 1825 1306; x_wconf 89' lang='lat' dir='ltr'>hisce</span> <span class='ocrx_word' id='word_1_74' title='bbox 1838 1231 1988 1306; x_wconf 89' lang='lat' dir='ltr'>nomine</span> 
     </span>
     <span class='ocr_line' id='line_1_12' title="bbox 593 1345 1988 1454; baseline -0.01 -23"><span class='ocrx_word' id='word_1_75' title='bbox 593 1349 669 1431; x_wconf 91' lang='lat' dir='ltr'>Dei</span> <span class='ocrx_word' id='word_1_76' title='bbox 685 1353 723 1429; x_wconf 91' lang='lat' dir='ltr'>in</span> <span class='ocrx_word' id='word_1_77' title='bbox 744 1349 926 1428; x_wconf 86' lang='lat' dir='ltr'>frontibus</span> <span class='ocrx_word' id='word_1_78' title='bbox 949 1347 1113 1449; x_wconf 84' lang='lat' dir='ltr'>fignatis,</span> <span class='ocrx_word' id='word_1_79' title='bbox 1147 1350 1216 1426; x_wconf 90' lang='lat' dir='ltr'>illis</span> <span class='ocrx_word' id='word_1_80' title='bbox 1237 1349 1324 1424; x_wconf 73' lang='lat' dir='ltr'>noti</span> <span class='ocrx_word' id='word_1_81' title='bbox 1342 1347 1473 1430; x_wconf 84' lang='lat' dir='ltr'>Bestiae.</span> <span class='ocrx_word' id='word_1_82' title='bbox 1535 1345 1617 1454; x_wconf 58' lang='grc' dir='ltr'>ΩΨ·</span> <span class='ocrx_word' id='word_1_83' title='bbox 1635 1350 1766 1424; x_wconf 67' lang='lat' dir='ltr'>viruit</span> <span class='ocrx_word' id='word_1_84' title='bbox 1776 1402 1789 1441; x_wconf 87' lang='lat'>,</span> <span class='ocrx_word' id='word_1_85' title='bbox 1825 1369 1906 1422; x_wconf 85' lang='lat' dir='ltr'>erem</span> <span class='ocrx_word' id='word_1_86' title='bbox 1921 1369 1988 1448; x_wconf 82' lang='lat' dir='ltr'>ego</span> 
     </span>
     <span class='ocr_line' id='line_1_13' title="bbox 594 1449 1985 1572; baseline -0.01 -24"><span class='ocrx_word' id='word_1_87' title='bbox 594 1458 796 1548; x_wconf 78' lang='lat' dir='ltr'>columnam</span> <span class='ocrx_word' id='word_1_88' title='bbox 808 1465 953 1571; x_wconf 72' lang='lat' dir='ltr'>storiam</span> <span class='ocrx_word' id='word_1_89' title='bbox 976 1469 1016 1542; x_wconf 82' lang='lat' dir='ltr'>in</span> <span class='ocrx_word' id='word_1_90' title='bbox 1044 1460 1188 1572; x_wconf 84' lang='lat' dir='ltr'>Temple</span> <span class='ocrx_word' id='word_1_91' title='bbox 1210 1459 1287 1542; x_wconf 86' lang='lat' dir='ltr'>Dei</span> <span class='ocrx_word' id='word_1_92' title='bbox 1303 1470 1395 1554; x_wconf 83' lang='lat' dir='ltr'>mei,</span> <span class='ocrx_word' id='word_1_93' title='bbox 1419 1490 1483 1541; x_wconf 86' lang='lat' dir='ltr'>nec</span> <span class='ocrx_word' id='word_1_94' title='bbox 1495 1461 1655 1572; x_wconf 82' lang='lat' dir='ltr'>deinceps</span> <span class='ocrx_word' id='word_1_95' title='bbox 1680 1465 1765 1541; x_wconf 91' lang='lat' dir='ltr'>inde</span> <span class='ocrx_word' id='word_1_96' title='bbox 1782 1455 1916 1541; x_wconf 82' lang='lat' dir='ltr'><em>exibit:</em></span> <span class='ocrx_word' id='word_1_97' title='bbox 1936 1449 1985 1536; x_wconf 83' lang='lat' dir='ltr'>er&#39;-</span> 
     </span>
     <span class='ocr_line' id='line_1_14' title="bbox 593 1575 1988 1696; baseline -0.005 -34"><span class='ocrx_word' id='word_1_98' title='bbox 593 1611 683 1696; x_wconf 82' lang='lat' dir='ltr'>que,</span> <span class='ocrx_word' id='word_1_99' title='bbox 710 1585 817 1686; x_wconf 90' lang='lat' dir='ltr'>ipsrus</span> <span class='ocrx_word' id='word_1_100' title='bbox 839 1586 978 1674; x_wconf 86' lang='lat' dir='ltr'>fronti,</span> <span class='ocrx_word' id='word_1_101' title='bbox 1009 1609 1136 1660; x_wconf 83' lang='lat' dir='ltr'>nomen</span> <span class='ocrx_word' id='word_1_102' title='bbox 1153 1577 1229 1661; x_wconf 86' lang='lat' dir='ltr'>Dei</span> <span class='ocrx_word' id='word_1_103' title='bbox 1247 1585 1317 1658; x_wconf 87' lang='lat' dir='ltr'>mei</span> <span class='ocrx_word' id='word_1_104' title='bbox 1333 1575 1530 1682; x_wconf 79' lang='lat' dir='ltr'><em>inscribam.</em></span> <span class='ocrx_word' id='word_1_105' title='bbox 1576 1581 1649 1670; x_wconf 81' lang='lat' dir='ltr'>lta,</span> <span class='ocrx_word' id='word_1_106' title='bbox 1673 1579 1788 1682; x_wconf 90' lang='lat' dir='ltr'>ergo,</span> <span class='ocrx_word' id='word_1_107' title='bbox 1820 1581 1988 1662; x_wconf 83' lang='lat' dir='ltr'>Christia-</span> 
     </span>
     <span class='ocr_line' id='line_1_15' title="bbox 594 1695 1987 1806; baseline -0.009 -23"><span class='ocrx_word' id='word_1_108' title='bbox 594 1727 731 1784; x_wconf 89' lang='lat' dir='ltr'>norum</span> <span class='ocrx_word' id='word_1_109' title='bbox 751 1695 1093 1806; x_wconf 70' lang='lat' dir='ltr'>Philadelehenstrm</span> <span class='ocrx_word' id='word_1_110' title='bbox 1110 1713 1294 1802; x_wconf 88' lang='lat' dir='ltr'>quotquot</span> <span class='ocrx_word' id='word_1_111' title='bbox 1316 1703 1494 1789; x_wconf 89' lang='lat' dir='ltr'>vioerint,</span> <span class='ocrx_word' id='word_1_112' title='bbox 1527 1701 1678 1778; x_wconf 88' lang='lat' dir='ltr'>nomine</span> <span class='ocrx_word' id='word_1_113' title='bbox 1698 1699 1772 1778; x_wconf 89' lang='lat' dir='ltr'>Dei</span> <span class='ocrx_word' id='word_1_114' title='bbox 1797 1697 1987 1796; x_wconf 83' lang='lat' dir='ltr'>obsignan-</span> 
     </span>
     <span class='ocr_line' id='line_1_16' title="bbox 595 1813 1984 1919; baseline -0.007 -20"><span class='ocrx_word' id='word_1_115' title='bbox 595 1835 673 1909; x_wconf 90' lang='lat' dir='ltr'>tur,</span> <span class='ocrx_word' id='word_1_116' title='bbox 697 1815 994 1919; x_wconf 81' lang='lat' dir='ltr'>collocantr‘rrque</span> <span class='ocrx_word' id='word_1_117' title='bbox 1012 1818 1224 1897; x_wconf 89' lang='lat' dir='ltr'>insecundo</span> <span class='ocrx_word' id='word_1_118' title='bbox 1256 1815 1434 1918; x_wconf 82' lang='lat' dir='ltr'><strong>Temple,</strong></span> <span class='ocrx_word' id='word_1_119' title='bbox 1469 1841 1538 1894; x_wconf 88' lang='lat' dir='ltr'>nec</span> <span class='ocrx_word' id='word_1_120' title='bbox 1565 1817 1798 1916; x_wconf 89' lang='lat' dir='ltr'>egrediuntur</span> <span class='ocrx_word' id='word_1_121' title='bbox 1821 1813 1984 1914; x_wconf 75' lang='lat' dir='ltr'>ampliue</span> 
     </span>
     <span class='ocr_line' id='line_1_17' title="bbox 592 1929 1987 2042; baseline -0.007 -24"><span class='ocrx_word' id='word_1_122' title='bbox 592 1938 696 2018; x_wconf 87' lang='lat' dir='ltr'>Idem</span> <span class='ocrx_word' id='word_1_123' title='bbox 725 1937 771 2015; x_wconf 91' lang='lat' dir='ltr'>de</span> <span class='ocrx_word' id='word_1_124' title='bbox 798 1929 995 2042; x_wconf 80' lang='lat' dir='ltr'>Smyrnenfi</span> <span class='ocrx_word' id='word_1_125' title='bbox 1019 1935 1172 2016; x_wconf 74' lang='lat' dir='ltr'>Ecclesrl</span> <span class='ocrx_word' id='word_1_126' title='bbox 1194 1934 1494 2034; x_wconf 87' lang='lat' dir='ltr'>intelligendum,</span> <span class='ocrx_word' id='word_1_127' title='bbox 1541 1959 1621 2037; x_wconf 78' lang='lat' dir='ltr'>que</span> <span class='ocrx_word' id='word_1_128' title='bbox 1645 1936 1683 2012; x_wconf 76' lang='grc' dir='ltr'>δε</span> <span class='ocrx_word' id='word_1_129' title='bbox 1713 1933 1785 2035; x_wconf 80' lang='lat' dir='ltr'>ipsa</span> <span class='ocrx_word' id='word_1_130' title='bbox 1809 1935 1987 2036; x_wconf 77' lang='lat' dir='ltr'>patientie</span> 
     </span>
     <span class='ocr_line' id='line_1_18' title="bbox 591 2050 1983 2156; baseline -0.004 -22"><span class='ocrx_word' id='word_1_131' title='bbox 591 2054 666 2134; x_wconf 92' lang='lat' dir='ltr'>Dei</span> <span class='ocrx_word' id='word_1_132' title='bbox 688 2056 890 2132; x_wconf 90' lang='lat' dir='ltr'>sermonem</span> <span class='ocrx_word' id='word_1_133' title='bbox 915 2053 1163 2142; x_wconf 87' lang='lat' dir='ltr'>conservavit,</span> <span class='ocrx_word' id='word_1_134' title='bbox 1203 2053 1241 2130; x_wconf 76' lang='grc' dir='ltr'>δι</span> <span class='ocrx_word' id='word_1_135' title='bbox 1276 2052 1346 2130; x_wconf 90' lang='lat' dir='ltr'>suit</span> <span class='ocrx_word' id='word_1_136' title='bbox 1380 2052 1569 2156; x_wconf 65' lang='lat' dir='ltr'>inculpato,</span> <span class='ocrx_word' id='word_1_137' title='bbox 1630 2050 1700 2130; x_wconf 87' lang='lat' dir='ltr'>Hae</span> <span class='ocrx_word' id='word_1_138' title='bbox 1727 2052 1829 2140; x_wconf 84' lang='lat' dir='ltr'>duae,</span> <span class='ocrx_word' id='word_1_139' title='bbox 1862 2074 1983 2149; x_wconf 89' lang='lat' dir='ltr'>ergo,</span> 
     </span>
     <span class='ocr_line' id='line_1_19' title="bbox 589 2167 1987 2272; baseline -0.006 -20"><span class='ocrx_word' id='word_1_140' title='bbox 589 2170 776 2260; x_wconf 88' lang='lat' dir='ltr'>Ecclesrae,</span> <span class='ocrx_word' id='word_1_141' title='bbox 809 2196 894 2250; x_wconf 88' lang='lat' dir='ltr'>cunr</span> <span class='ocrx_word' id='word_1_142' title='bbox 915 2170 982 2250; x_wconf 91' lang='lat' dir='ltr'>suis</span> <span class='ocrx_word' id='word_1_143' title='bbox 997 2175 1169 2272; x_wconf 87' lang='lat' dir='ltr'><strong>posteris,</strong></span> <span class='ocrx_word' id='word_1_144' title='bbox 1194 2170 1275 2248; x_wconf 90' lang='lat' dir='ltr'>sunt</span> <span class='ocrx_word' id='word_1_145' title='bbox 1293 2170 1373 2249; x_wconf 82' lang='lat' dir='ltr'>duae</span> <span class='ocrx_word' id='word_1_146' title='bbox 1395 2170 1464 2248; x_wconf 87' lang='lat' dir='ltr'>illae</span> <span class='ocrx_word' id='word_1_147' title='bbox 1489 2171 1696 2259; x_wconf 73' lang='lat' dir='ltr'>columne,</span> <span class='ocrx_word' id='word_1_148' title='bbox 1728 2169 1804 2248; x_wconf 90' lang='lat' dir='ltr'>duo</span> <span class='ocrx_word' id='word_1_149' title='bbox 1823 2167 1884 2246; x_wconf 80' lang='lat' dir='ltr'>illo</span> <span class='ocrx_word' id='word_1_150' title='bbox 1903 2189 1987 2244; x_wconf 84' lang='lat' dir='ltr'>can·</span> 
     </span>
     <span class='ocr_line' id='line_1_20' title="bbox 590 2287 1512 2388; baseline -0.001 -22"><span class='ocrx_word' id='word_1_151' title='bbox 590 2291 753 2378; x_wconf 83' lang='lat' dir='ltr'>delabro,</span> <span class='ocrx_word' id='word_1_152' title='bbox 785 2289 861 2367; x_wconf 84' lang='lat' dir='ltr'>duo</span> <span class='ocrx_word' id='word_1_153' title='bbox 886 2289 939 2366; x_wconf 92' lang='lat' dir='ltr'>illi</span> <span class='ocrx_word' id='word_1_154' title='bbox 958 2289 1079 2368; x_wconf 87' lang='lat' dir='ltr'>Testes</span> <span class='ocrx_word' id='word_1_155' title='bbox 1099 2294 1137 2366; x_wconf 94' lang='lat' dir='ltr'>in</span> <span class='ocrx_word' id='word_1_156' title='bbox 1159 2287 1316 2368; x_wconf 88' lang='lat' dir='ltr'>secundo</span> <span class='ocrx_word' id='word_1_157' title='bbox 1342 2287 1512 2388; x_wconf 89' lang='lat' dir='ltr'>Templo.</span> 
     </span>
     <span class='ocr_line' id='line_1_21' title="bbox 617 2399 1985 2512; baseline -0.007 -25"><span class='ocrx_word' id='word_1_158' title='bbox 617 2503 621 2512; x_wconf 24' lang='grc' dir='ltr'>Ι</span> <span class='ocrx_word' id='word_1_159' title='bbox 648 2405 1027 2508; x_wconf 79' lang='lat' dir='ltr'>PostJurrnuuru,</span> <span class='ocrx_word' id='word_1_160' title='bbox 1054 2405 1197 2508; x_wconf 84' lang='lat' dir='ltr'>ejdsque</span> <span class='ocrx_word' id='word_1_161' title='bbox 1215 2399 1446 2485; x_wconf 70' lang='lat' dir='ltr'>successorem</span> <span class='ocrx_word' id='word_1_162' title='bbox 1463 2405 1747 2510; x_wconf 81' lang='lat' dir='ltr'>Jovrruunr,</span> <span class='ocrx_word' id='word_1_163' title='bbox 1773 2406 1837 2505; x_wconf 91' lang='lat' dir='ltr'>qui</span> <span class='ocrx_word' id='word_1_164' title='bbox 1849 2399 1985 2480; x_wconf 70' lang='lat' dir='ltr'>menses</span> 
     </span>
    </p>
   </div>
   <div class='ocr_carea' id='block_1_5' title="bbox 451 2513 2168 2742">
    <p class='ocr_par' dir='ltr' id='par_1_5' title="bbox 451 2513 2168 2742">
     <span class='ocr_line' id='line_1_22' title="bbox 451 2513 1984 2626; baseline -0.006 -20"><span class='ocrx_word' id='word_1_165' title='bbox 451 2556 459 2590; x_wconf 58' lang='grc' dir='ltr'>ι</span> <span class='ocrx_word' id='word_1_166' title='bbox 588 2524 729 2605; x_wconf 82' lang='lat' dir='ltr'>torrtdm</span> <span class='ocrx_word' id='word_1_167' title='bbox 744 2513 903 2626; x_wconf 88' lang='lat' dir='ltr'>quinque</span> <span class='ocrx_word' id='word_1_168' title='bbox 916 2521 1114 2623; x_wconf 89' lang='lat' dir='ltr'>Imperium</span> <span class='ocrx_word' id='word_1_169' title='bbox 1126 2527 1263 2612; x_wconf 91' lang='lat' dir='ltr'>tenuit,</span> <span class='ocrx_word' id='word_1_170' title='bbox 1287 2527 1417 2603; x_wconf 91' lang='lat' dir='ltr'>iterum</span> <span class='ocrx_word' id='word_1_171' title='bbox 1431 2523 1524 2613; x_wconf 88' lang='lat' dir='ltr'>hoc,</span> <span class='ocrx_word' id='word_1_172' title='bbox 1544 2522 1984 2600; x_wconf 74' lang='lat' dir='ltr'>Voreu‘rrnrnuurr</span> 
     </span>
     <span class='ocr_line' id='line_1_23' title="bbox 589 2637 2168 2742; baseline -0.006 -21"><span class='ocrx_word' id='word_1_173' title='bbox 589 2648 682 2722; x_wconf 90' lang='lat' dir='ltr'>inter</span> <span class='ocrx_word' id='word_1_174' title='bbox 708 2645 745 2720; x_wconf 90' lang='lat'>&amp;</span> <span class='ocrx_word' id='word_1_175' title='bbox 768 2640 1074 2729; x_wconf 70' lang='lat' dir='ltr'>Vniuu&#39;ren,</span> <span class='ocrx_word' id='word_1_176' title='bbox 1106 2641 1259 2719; x_wconf 84' lang='lat' dir='ltr'>divisum</span> <span class='ocrx_word' id='word_1_177' title='bbox 1279 2643 1337 2718; x_wconf 89' lang='lat' dir='ltr'>est.</span> <span class='ocrx_word' id='word_1_178' title='bbox 1380 2640 1464 2740; x_wconf 88' lang='lat' dir='ltr'>Ejus</span> <span class='ocrx_word' id='word_1_179' title='bbox 1488 2644 1661 2742; x_wconf 86' lang='lat' dir='ltr'>temporis</span> <span class='ocrx_word' id='word_1_180' title='bbox 1681 2639 1839 2740; x_wconf 74' lang='lat' dir='ltr'>respestu</span> <span class='ocrx_word' id='word_1_181' title='bbox 1862 2637 1984 2720; x_wconf 85' lang='lat' dir='ltr'>Eccle-</span> <span class='ocrx_word' id='word_1_182' title='bbox 2018 2654 2027 2668; x_wconf 84' lang='grc'><strong><em>”</em></strong></span> <span class='ocrx_word' id='word_1_183' title='bbox 2167 2709 2168 2730; x_wconf 21' lang='grc' dir='ltr'><strong><em>Ν</em></strong></span> 
     </span>
    </p>
   </div>
   <div class='ocr_carea' id='block_1_6' title="bbox 583 2751 1984 3567">
    <p class='ocr_par' dir='ltr' id='par_1_6' title="bbox 583 2751 1984 3567">
     <span class='ocr_line' id='line_1_24' title="bbox 586 2751 1981 2860; baseline -0.004 -22"><span class='ocrx_word' id='word_1_184' title='bbox 586 2761 634 2838; x_wconf 89' lang='lat' dir='ltr'>sra</span> <span class='ocrx_word' id='word_1_185' title='bbox 660 2759 870 2860; x_wconf 74' lang='lat' dir='ltr'>Catholica‚</span> <span class='ocrx_word' id='word_1_186' title='bbox 900 2761 939 2834; x_wconf 92' lang='lat' dir='ltr'>in</span> <span class='ocrx_word' id='word_1_187' title='bbox 966 2759 1112 2858; x_wconf 78' lang='lat' dir='ltr'>epistold</span> <span class='ocrx_word' id='word_1_188' title='bbox 1145 2757 1190 2835; x_wconf 86' lang='lat' dir='ltr'>ad</span> <span class='ocrx_word' id='word_1_189' title='bbox 1226 2753 1431 2836; x_wconf 76' lang='lat' dir='ltr'>Laodiceae</span> <span class='ocrx_word' id='word_1_190' title='bbox 1456 2757 1616 2838; x_wconf 83' lang='lat' dir='ltr'>Ecclesrae</span> <span class='ocrx_word' id='word_1_191' title='bbox 1647 2757 1853 2857; x_wconf 87' lang='lat' dir='ltr'>Angelum,</span> <span class='ocrx_word' id='word_1_192' title='bbox 1889 2751 1981 2860; x_wconf 78' lang='lat' dir='ltr'>qunti</span> 
     </span>
     <span class='ocr_line' id='line_1_25' title="bbox 583 2867 1983 2984; baseline -0.002 -28"><span class='ocrx_word' id='word_1_193' title='bbox 583 2877 710 2984; x_wconf 60' lang='lat' dir='ltr'>tepide⁸</span> <span class='ocrx_word' id='word_1_194' title='bbox 733 2875 1005 2978; x_wconf 86' lang='lat' dir='ltr'>reprehenditur</span> <span class='ocrx_word' id='word_1_195' title='bbox 1033 2869 1139 2976; x_wconf 87' lang='lat' dir='ltr'>(b),</span> <span class='ocrx_word' id='word_1_196' title='bbox 1174 2875 1315 2978; x_wconf 80' lang='lat' dir='ltr'>ipsique</span> <span class='ocrx_word' id='word_1_197' title='bbox 1338 2881 1579 2956; x_wconf 83' lang='lat' dir='ltr'>comminatur</span> <span class='ocrx_word' id='word_1_198' title='bbox 1606 2867 1788 2974; x_wconf 70' lang='lat' dir='ltr'>chrestus,</span> <span class='ocrx_word' id='word_1_199' title='bbox 1807 2870 1853 2977; x_wconf 83' lang='lat' dir='ltr'><em>st</em></span> <span class='ocrx_word' id='word_1_200' title='bbox 1874 2872 1983 2980; x_wconf 59' lang='lat' dir='ltr'>psam</span> 
     </span>
     <span class='ocr_line' id='line_1_26' title="bbox 585 2983 1984 3100; baseline -0.004 -28"><span class='ocrx_word' id='word_1_201' title='bbox 585 3021 631 3072; x_wconf 88' lang='lat' dir='ltr'>ex</span> <span class='ocrx_word' id='word_1_202' title='bbox 643 3020 700 3071; x_wconf 79' lang='lat' dir='ltr'>ore</span> <span class='ocrx_word' id='word_1_203' title='bbox 709 2989 781 3096; x_wconf 78' lang='lat' dir='ltr'>fico</span> <span class='ocrx_word' id='word_1_204' title='bbox 797 2997 1048 3070; x_wconf 83' lang='lat' dir='ltr'>evomiturum.</span> <span class='ocrx_word' id='word_1_205' title='bbox 1108 2992 1265 3095; x_wconf 70' lang='lat' dir='ltr'>Jaslabat</span> <span class='ocrx_word' id='word_1_206' title='bbox 1286 2995 1368 3085; x_wconf 81' lang='lat' dir='ltr'>illa,</span> <span class='ocrx_word' id='word_1_207' title='bbox 1385 2990 1596 3097; x_wconf 82' lang='lat' dir='ltr'>stdr&#39;vitem</span> <span class='ocrx_word' id='word_1_208' title='bbox 1609 2985 1635 3087; x_wconf 80' lang='lat'>,&#39;</span> <span class='ocrx_word' id='word_1_209' title='bbox 1647 2983 1810 3100; x_wconf 81' lang='lat' dir='ltr'>benr&#39;sque</span> <span class='ocrx_word' id='word_1_210' title='bbox 1827 2991 1984 3072; x_wconf 75' lang='lat' dir='ltr'>ditarem</span> 
     </span>
     <span class='ocr_line' id='line_1_27' title="bbox 586 3105 1982 3216; baseline -0.002 -28"><span class='ocrx_word' id='word_1_211' title='bbox 586 3105 671 3216; x_wconf 78' lang='lat' dir='ltr'>effe,</span> <span class='ocrx_word' id='word_1_212' title='bbox 693 3137 758 3190; x_wconf 82' lang='lat' dir='ltr'>nec</span> <span class='ocrx_word' id='word_1_213' title='bbox 776 3110 879 3189; x_wconf 76' lang='lat' dir='ltr'>ustus</span> <span class='ocrx_word' id='word_1_214' title='bbox 891 3109 1048 3216; x_wconf 81' lang='lat' dir='ltr'>indigere</span> <span class='ocrx_word' id='word_1_215' title='bbox 1072 3117 1142 3200; x_wconf 83' lang='lat' dir='ltr'>rei,</span> <span class='ocrx_word' id='word_1_216' title='bbox 1163 3111 1351 3212; x_wconf 73' lang='lat' dir='ltr'>prosperi,</span> <span class='ocrx_word' id='word_1_217' title='bbox 1375 3139 1527 3216; x_wconf 89' lang='lat' dir='ltr'>nempe,</span> <span class='ocrx_word' id='word_1_218' title='bbox 1543 3113 1689 3192; x_wconf 72' lang='lat' dir='ltr'>fortuni</span> <span class='ocrx_word' id='word_1_219' title='bbox 1708 3114 1860 3214; x_wconf 87' lang='lat' dir='ltr'>degens,</span> <span class='ocrx_word' id='word_1_220' title='bbox 1878 3107 1982 3213; x_wconf 92' lang='lat' dir='ltr'>quod</span> 
     </span>
     <span class='ocr_line' id='line_1_28' title="bbox 586 3223 1982 3334; baseline -0.001 -26"><span class='ocrx_word' id='word_1_221' title='bbox 586 3231 634 3308; x_wconf 85' lang='lat' dir='ltr'>ad</span> <span class='ocrx_word' id='word_1_222' title='bbox 655 3233 784 3310; x_wconf 83' lang='lat' dir='ltr'>statum</span> <span class='ocrx_word' id='word_1_223' title='bbox 808 3243 1029 3317; x_wconf 88' lang='lat' dir='ltr'>externum,</span> <span class='ocrx_word' id='word_1_224' title='bbox 1057 3252 1168 3334; x_wconf 82' lang='lat' dir='ltr'>neque</span> <span class='ocrx_word' id='word_1_225' title='bbox 1175 3223 1367 3334; x_wconf 84' lang='lat' dir='ltr'>sciebarse</span> <span class='ocrx_word' id='word_1_226' title='bbox 1390 3224 1473 3332; x_wconf 74' lang='lat' dir='ltr'>effi,</span> <span class='ocrx_word' id='word_1_227' title='bbox 1504 3231 1607 3332; x_wconf 90' lang='lat' dir='ltr'>quod</span> <span class='ocrx_word' id='word_1_228' title='bbox 1625 3230 1671 3307; x_wconf 88' lang='lat' dir='ltr'>ad</span> <span class='ocrx_word' id='word_1_229' title='bbox 1691 3232 1869 3306; x_wconf 76' lang='lat' dir='ltr'>internam</span> <span class='ocrx_word' id='word_1_230' title='bbox 1892 3253 1982 3308; x_wconf 91' lang='lat' dir='ltr'>con-</span> 
     </span>
     <span class='ocr_line' id='line_1_29' title="bbox 586 3341 1981 3454; baseline -0.002 -28"><span class='ocrx_word' id='word_1_231' title='bbox 586 3349 784 3438; x_wconf 88' lang='lat' dir='ltr'>ditionem,</span> <span class='ocrx_word' id='word_1_232' title='bbox 819 3341 1065 3448; x_wconf 79' lang='lat' dir='ltr'>erumnostrm,</span> <span class='ocrx_word' id='word_1_233' title='bbox 1098 3343 1144 3436; x_wconf 61' lang='lat' dir='ltr'>de</span> <span class='ocrx_word' id='word_1_234' title='bbox 1161 3352 1347 3431; x_wconf 81' lang='lat' dir='ltr'>miceam,</span> <span class='ocrx_word' id='word_1_235' title='bbox 1378 3342 1424 3436; x_wconf 50' lang='grc' dir='ltr'>όν</span> <span class='ocrx_word' id='word_1_236' title='bbox 1441 3367 1661 3454; x_wconf 81' lang='lat' dir='ltr'>pauperem,</span> <span class='ocrx_word' id='word_1_237' title='bbox 1686 3343 1733 3436; x_wconf 60' lang='grc' dir='ltr'>ό*</span> <span class='ocrx_word' id='word_1_238' title='bbox 1750 3370 1907 3432; x_wconf 76' lang='lat' dir='ltr'>cecam,</span> <span class='ocrx_word' id='word_1_239' title='bbox 1934 3341 1981 3436; x_wconf 79' lang='grc' dir='ltr'>ό·</span> 
     </span>
     <span class='ocr_line' id='line_1_30' title="bbox 585 3461 1982 3567; baseline 0 -25"><span class='ocrx_word' id='word_1_240' title='bbox 585 3462 734 3543; x_wconf 75' lang='lat' dir='ltr'>nudem.</span> <span class='ocrx_word' id='word_1_241' title='bbox 793 3461 864 3553; x_wconf 83' lang='lat' dir='ltr'>Ea,</span> <span class='ocrx_word' id='word_1_242' title='bbox 898 3469 1038 3566; x_wconf 86' lang='lat' dir='ltr'>itaque,</span> <span class='ocrx_word' id='word_1_243' title='bbox 1068 3487 1114 3538; x_wconf 88' lang='lat' dir='ltr'>ex</span> <span class='ocrx_word' id='word_1_244' title='bbox 1138 3486 1195 3539; x_wconf 86' lang='lat' dir='ltr'>ore</span> <span class='ocrx_word' id='word_1_245' title='bbox 1215 3465 1347 3544; x_wconf 86' lang='lat' dir='ltr'>Christi</span> <span class='ocrx_word' id='word_1_246' title='bbox 1366 3470 1569 3554; x_wconf 78' lang='lat' dir='ltr'>evomitur,</span> <span class='ocrx_word' id='word_1_247' title='bbox 1601 3465 1647 3543; x_wconf 87' lang='lat' dir='ltr'>ad</span> <span class='ocrx_word' id='word_1_248' title='bbox 1660 3469 1886 3566; x_wconf 85' lang='lat' dir='ltr'>apertionem</span> <span class='ocrx_word' id='word_1_249' title='bbox 1905 3465 1982 3567; x_wconf 87' lang='lat' dir='ltr'>sep·</span> 
     </span>
    </p>
   </div>
   <div class='ocr_carea' id='block_1_7' title="bbox 528 3573 1935 3685">
    <p class='ocr_par' dir='ltr' id='par_1_7' title="bbox 528 3573 1935 3685">
     <span class='ocr_line' id='line_1_31' title="bbox 528 3573 1935 3685; baseline -0.001 -24"><span class='ocrx_word' id='word_1_250' title='bbox 528 3584 530 3592; x_wconf 79' lang='grc'>’</span> <span class='ocrx_word' id='word_1_251' title='bbox 585 3586 667 3662; x_wconf 90' lang='lat' dir='ltr'>timi</span> <span class='ocrx_word' id='word_1_252' title='bbox 683 3579 808 3684; x_wconf 80' lang='lat' dir='ltr'>sigilli,</span> <span class='ocrx_word' id='word_1_253' title='bbox 841 3573 947 3684; x_wconf 86' lang='lat' dir='ltr'>atque</span> <span class='ocrx_word' id='word_1_254' title='bbox 960 3579 1053 3671; x_wconf 87' lang='lat' dir='ltr'>hoc,</span> <span class='ocrx_word' id='word_1_255' title='bbox 1087 3587 1195 3683; x_wconf 92' lang='lat' dir='ltr'>primi</span> <span class='ocrx_word' id='word_1_256' title='bbox 1214 3582 1370 3684; x_wconf 81' lang='lat' dir='ltr'>Templi</span> <span class='ocrx_word' id='word_1_257' title='bbox 1380 3585 1605 3685; x_wconf 89' lang='lat' dir='ltr'>temporibus</span> <span class='ocrx_word' id='word_1_258' title='bbox 1628 3581 1708 3660; x_wconf 87' lang='lat' dir='ltr'>finis</span> <span class='ocrx_word' id='word_1_259' title='bbox 1724 3585 1935 3683; x_wconf 81' lang='lat' dir='ltr'>imponitur.</span> 
     </span>
    </p>
   </div>
   <div class='ocr_carea' id='block_1_8' title="bbox 395 3709 567 4428">
    <p class='ocr_par' dir='ltr' id='par_1_8' title="bbox 395 3709 567 4428">
     <span class='ocr_line' id='line_1_32' title="bbox 418 3709 525 3780; baseline -0.019 -8"><span class='ocrx_word' id='word_1_260' title='bbox 418 3709 525 3780; x_wconf 82' lang='lat' dir='ltr'>Rerde</span> 
     </span>
     <span class='ocr_line' id='line_1_33' title="bbox 399 3787 549 3872; baseline -0.013 -18"><span class='ocrx_word' id='word_1_261' title='bbox 399 3791 503 3872; x_wconf 79' lang='lat' dir='ltr'>quibus</span> <span class='ocrx_word' id='word_1_262' title='bbox 513 3787 549 3852; x_wconf 78' lang='lat' dir='ltr'>ad</span> 
     </span>
     <span class='ocr_line' id='line_1_34' title="bbox 398 3875 522 3954; baseline -0.04 -15"><span class='ocrx_word' id='word_1_263' title='bbox 398 3875 522 3954; x_wconf 74' lang='lat' dir='ltr'>opertio-</span> 
     </span>
     <span class='ocr_line' id='line_1_35' title="bbox 396 3953 547 4020; baseline -0.02 0"><span class='ocrx_word' id='word_1_264' title='bbox 396 3953 547 4020; x_wconf 85' lang='lat' dir='ltr'>nemserti</span> 
     </span>
     <span class='ocr_line' id='line_1_36' title="bbox 399 4036 504 4116; baseline -0.038 -14"><span class='ocrx_word' id='word_1_265' title='bbox 399 4036 481 4116; x_wconf 77' lang='lat' dir='ltr'>sigilli</span> <span class='ocrx_word' id='word_1_266' title='bbox 493 4079 504 4108; x_wconf 87' lang='lat'><strong>‚</strong></span> 
     </span>
     <span class='ocr_line' id='line_1_37' title="bbox 397 4122 567 4182; baseline -0.018 0"><span class='ocrx_word' id='word_1_267' title='bbox 397 4133 492 4182; x_wconf 84' lang='lat' dir='ltr'>morte</span> <span class='ocrx_word' id='word_1_268' title='bbox 512 4122 567 4181; x_wconf 86' lang='lat' dir='ltr'>Va·</span> 
     </span>
     <span class='ocr_line' id='line_1_38' title="bbox 396 4199 564 4280; baseline -0.036 -14"><span class='ocrx_word' id='word_1_269' title='bbox 396 4204 478 4266; x_wconf 75' lang='lat' dir='ltr'>seretis</span> <span class='ocrx_word' id='word_1_270' title='bbox 491 4199 564 4280; x_wconf 87' lang='lat' dir='ltr'>lmp.</span> 
     </span>
     <span class='ocr_line' id='line_1_39' title="bbox 395 4281 556 4358; baseline -0.012 -10"><span class='ocrx_word' id='word_1_271' title='bbox 395 4281 556 4358; x_wconf 75' lang='lat' dir='ltr'>finiuntur,</span> 
     </span>
     <span class='ocr_line' id='line_1_40' title="bbox 398 4361 548 4428; baseline -0.013 0"><span class='ocrx_word' id='word_1_272' title='bbox 398 4361 448 4428; x_wconf 70' lang='lat' dir='ltr'>rel</span> <span class='ocrx_word' id='word_1_273' title='bbox 465 4361 548 4426; x_wconf 82' lang='lat' dir='ltr'>initio</span> 
     </span>
    </p>
   </div>
   <div class='ocr_carea' id='block_1_9' title="bbox 399 4443 554 4550">
    <p class='ocr_par' dir='ltr' id='par_1_9' title="bbox 399 4443 554 4550">
     <span class='ocr_line' id='line_1_41' title="bbox 399 4443 554 4550; baseline -0.026 -39"><span class='ocrx_word' id='word_1_274' title='bbox 399 4443 554 4550; x_wconf 61' lang='lat' dir='ltr'>pmcne.</span> 
     </span>
    </p>
   </div>
   <div class='ocr_carea' id='block_1_10' title="bbox 583 3696 1983 4756">
    <p class='ocr_par' dir='ltr' id='par_1_10' title="bbox 583 3696 1983 4515">
     <span class='ocr_line' id='line_1_42' title="bbox 642 3696 1982 3802; baseline -0.001 -22"><span class='ocrx_word' id='word_1_275' title='bbox 642 3699 827 3789; x_wconf 88' lang='lat' dir='ltr'>Dimidia,</span> <span class='ocrx_word' id='word_1_276' title='bbox 855 3703 1017 3788; x_wconf 86' lang='lat' dir='ltr'>circiter,</span> <span class='ocrx_word' id='word_1_277' title='bbox 1043 3725 1123 3802; x_wconf 88' lang='lat' dir='ltr'>pars</span> <span class='ocrx_word' id='word_1_278' title='bbox 1138 3701 1284 3802; x_wconf 89' lang='lat' dir='ltr'>Imperii</span> <span class='ocrx_word' id='word_1_279' title='bbox 1302 3696 1477 3788; x_wconf 78' lang='lat' dir='ltr'>Romani,</span> <span class='ocrx_word' id='word_1_280' title='bbox 1499 3700 1733 3782; x_wconf 79' lang='lat' dir='ltr'>Christianam</span> <span class='ocrx_word' id='word_1_281' title='bbox 1750 3699 1982 3800; x_wconf 87' lang='lat' dir='ltr'>Religionem</span> 
     </span>
     <span class='ocr_line' id='line_1_43' title="bbox 584 3816 1979 3920; baseline -0.001 -22"><span class='ocrx_word' id='word_1_282' title='bbox 584 3817 748 3920; x_wconf 86' lang='lat' dir='ltr'>amplexa</span> <span class='ocrx_word' id='word_1_283' title='bbox 766 3819 839 3907; x_wconf 87' lang='lat' dir='ltr'>est,</span> <span class='ocrx_word' id='word_1_284' title='bbox 872 3817 961 3896; x_wconf 87' lang='lat' dir='ltr'>dum</span> <span class='ocrx_word' id='word_1_285' title='bbox 980 3817 1046 3897; x_wconf 91' lang='lat' dir='ltr'>Co</span> <span class='ocrx_word' id='word_1_286' title='bbox 1059 3843 1085 3894; x_wconf 85' lang='lat' dir='ltr'>u</span> <span class='ocrx_word' id='word_1_287' title='bbox 1097 3833 1377 3896; x_wconf 74' lang='lat' dir='ltr'>&#39;sciurruus</span> <span class='ocrx_word' id='word_1_288' title='bbox 1399 3820 1477 3907; x_wconf 89' lang='lat' dir='ltr'>M.,</span> <span class='ocrx_word' id='word_1_289' title='bbox 1510 3816 1653 3920; x_wconf 86' lang='lat' dir='ltr'>ejdsque</span> <span class='ocrx_word' id='word_1_290' title='bbox 1668 3817 1734 3894; x_wconf 83' lang='lat' dir='ltr'>lilii</span> <span class='ocrx_word' id='word_1_291' title='bbox 1752 3819 1979 3917; x_wconf 81' lang='lat' dir='ltr'>imperarent</span> 
     </span>
     <span class='ocr_line' id='line_1_44' title="bbox 583 3931 1981 4039; baseline -0.001 -22"><span class='ocrx_word' id='word_1_292' title='bbox 583 3935 667 4018; x_wconf 84' lang='lat' dir='ltr'>Pdst</span> <span class='ocrx_word' id='word_1_293' title='bbox 680 3933 812 4039; x_wconf 75' lang='lat' dir='ltr'>qudm,</span> <span class='ocrx_word' id='word_1_294' title='bbox 829 3933 940 4024; x_wconf 81' lang='lat' dir='ltr'>verd,</span> <span class='ocrx_word' id='word_1_295' title='bbox 958 3934 1144 4039; x_wconf 80' lang='lat' dir='ltr'>Jurrru</span> <span class='ocrx_word' id='word_1_296' title='bbox 1155 3963 1205 4015; x_wconf 85' lang='lat' dir='ltr'>us</span> <span class='ocrx_word' id='word_1_297' title='bbox 1225 3935 1415 4016; x_wconf 89' lang='lat' dir='ltr'>ldolorum</span> <span class='ocrx_word' id='word_1_298' title='bbox 1433 3936 1587 4038; x_wconf 85' lang='lat' dir='ltr'>Templa</span> <span class='ocrx_word' id='word_1_299' title='bbox 1602 3931 1809 4038; x_wconf 85' lang='lat' dir='ltr'>aperuisset,</span> <span class='ocrx_word' id='word_1_300' title='bbox 1834 3934 1981 4015; x_wconf 86' lang='lat' dir='ltr'>eorr‘rm-</span> 
     </span>
     <span class='ocr_line' id='line_1_45' title="bbox 585 4051 1983 4157; baseline -0.006 -23"><span class='ocrx_word' id='word_1_301' title='bbox 585 4079 656 4157; x_wconf 92' lang='lat' dir='ltr'>que</span> <span class='ocrx_word' id='word_1_302' title='bbox 678 4051 1068 4144; x_wconf 72' lang='lat' dir='ltr'>instaurtlletcultum,</span> <span class='ocrx_word' id='word_1_303' title='bbox 1100 4054 1521 4135; x_wconf 79' lang='lat' dir='ltr'>Vncuurrurruur</span> <span class='ocrx_word' id='word_1_304' title='bbox 1546 4078 1588 4132; x_wconf 87' lang='lat' dir='ltr'>ac</span> <span class='ocrx_word' id='word_1_305' title='bbox 1610 4053 1827 4143; x_wconf 81' lang='lat' dir='ltr'>Vnruus,</span> <span class='ocrx_word' id='word_1_306' title='bbox 1854 4079 1983 4156; x_wconf 73' lang='lat' dir='ltr'>quam.</span> 
     </span>
     <span class='ocr_line' id='line_1_46' title="bbox 583 4161 1981 4276; baseline 0.003 -26"><span class='ocrx_word' id='word_1_307' title='bbox 583 4173 649 4252; x_wconf 88' lang='lat' dir='ltr'>diu</span> <span class='ocrx_word' id='word_1_308' title='bbox 662 4172 808 4273; x_wconf 85' lang='lat' dir='ltr'>Imperii</span> <span class='ocrx_word' id='word_1_309' title='bbox 820 4171 974 4251; x_wconf 86' lang='lat' dir='ltr'>habenas</span> <span class='ocrx_word' id='word_1_310' title='bbox 992 4172 1157 4262; x_wconf 79' lang='lat' dir='ltr'>tenuere,</span> <span class='ocrx_word' id='word_1_311' title='bbox 1178 4173 1347 4254; x_wconf 89' lang='lat' dir='ltr'>eumdem</span> <span class='ocrx_word' id='word_1_312' title='bbox 1360 4161 1581 4268; x_wconf 70' lang='lat' dir='ltr'>tolerlr&#39;unt3</span> <span class='ocrx_word' id='word_1_313' title='bbox 1600 4168 1761 4276; x_wconf 76' lang='lat' dir='ltr'>adeoque</span> <span class='ocrx_word' id='word_1_314' title='bbox 1774 4170 1880 4272; x_wconf 91' lang='lat' dir='ltr'>srgilli</span> <span class='ocrx_word' id='word_1_315' title='bbox 1893 4173 1981 4254; x_wconf 81' lang='lat' dir='ltr'>sexti</span> 
     </span>
     <span class='ocr_line' id='line_1_47' title="bbox 585 4265 1980 4392; baseline 0.003 -23"><span class='ocrx_word' id='word_1_316' title='bbox 585 4291 794 4370; x_wconf 80' lang='lat' dir='ltr'>vaticinium</span> <span class='ocrx_word' id='word_1_317' title='bbox 824 4314 902 4367; x_wconf 91' lang='lat' dir='ltr'>non</span> <span class='ocrx_word' id='word_1_318' title='bbox 932 4292 1086 4368; x_wconf 89' lang='lat' dir='ltr'>omnino</span> <span class='ocrx_word' id='word_1_319' title='bbox 1113 4291 1423 4392; x_wconf 87' lang='lat' dir='ltr'>complementum</span> <span class='ocrx_word' id='word_1_320' title='bbox 1452 4292 1618 4370; x_wconf 87' lang='lat' dir='ltr'>sortitum</span> <span class='ocrx_word' id='word_1_321' title='bbox 1641 4291 1725 4380; x_wconf 87' lang='lat' dir='ltr'>est,</span> <span class='ocrx_word' id='word_1_322' title='bbox 1757 4304 1839 4371; x_wconf 86' lang='lat' dir='ltr'>ante</span> <span class='ocrx_word' id='word_1_323' title='bbox 1862 4265 1980 4374; x_wconf 75' lang='lat' dir='ltr'>Cur.</span> 
     </span>
     <span class='ocr_line' id='line_1_48' title="bbox 587 4397 1980 4515; baseline 0.005 -28"><span class='ocrx_word' id='word_1_324' title='bbox 587 4431 707 4506; x_wconf 72' lang='lat' dir='ltr'>prou</span> <span class='ocrx_word' id='word_1_325' title='bbox 719 4431 757 4496; x_wconf 93' lang='lat' dir='ltr'>r,</span> <span class='ocrx_word' id='word_1_326' title='bbox 778 4407 940 4508; x_wconf 89' lang='lat' dir='ltr'>ipsorum</span> <span class='ocrx_word' id='word_1_327' title='bbox 958 4405 1179 4497; x_wconf 80' lang='lat' dir='ltr'>soccessoris,</span> <span class='ocrx_word' id='word_1_328' title='bbox 1203 4423 1377 4515; x_wconf 73' lang='lat' dir='ltr'>tempora,</span> <span class='ocrx_word' id='word_1_329' title='bbox 1409 4409 1497 4490; x_wconf 87' lang='lat' dir='ltr'>Mos</span> <span class='ocrx_word' id='word_1_330' title='bbox 1517 4423 1590 4488; x_wconf 85' lang='lat' dir='ltr'>erat</span> <span class='ocrx_word' id='word_1_331' title='bbox 1612 4397 1862 4492; x_wconf 86' lang='lat' dir='ltr'>Sacerdotibus</span> <span class='ocrx_word' id='word_1_332' title='bbox 1880 4409 1980 4494; x_wconf 84' lang='lat' dir='ltr'>Gen.</span> 
     </span>
    </p>

    <p class='ocr_par' dir='ltr' id='par_1_11' title="bbox 1736 4531 1975 4636">
     <span class='ocr_line' id='line_1_49' title="bbox 1736 4531 1975 4636; baseline 0.025 -29"><span class='ocrx_word' id='word_1_333' title='bbox 1736 4599 1740 4608; x_wconf 87' lang='lat'><em>.</em></span> <span class='ocrx_word' id='word_1_334' title='bbox 1812 4603 1817 4610; x_wconf 86' lang='lat'><em>.</em></span> <span class='ocrx_word' id='word_1_335' title='bbox 1855 4531 1975 4636; x_wconf 82' lang='lat' dir='ltr'>tium,</span> 
     </span>
    </p>

    <p class='ocr_par' dir='ltr' id='par_1_12' title="bbox 625 4659 1805 4756">
     <span class='ocr_line' id='line_1_50' title="bbox 625 4659 1805 4756; baseline 0.008 -28"><span class='ocrx_word' id='word_1_336' title='bbox 625 4659 694 4756; x_wconf 78' lang='lat' dir='ltr'>(e)</span> <span class='ocrx_word' id='word_1_337' title='bbox 714 4659 877 4747; x_wconf 73' lang='lat' dir='ltr'>speolll.</span> <span class='ocrx_word' id='word_1_338' title='bbox 898 4675 1047 4730; x_wconf 59' lang='lat' dir='ltr'>rores*</span> <span class='ocrx_word' id='word_1_339' title='bbox 1303 4669 1483 4753; x_wconf 62' lang='lat' dir='ltr'>(nllpoe.</span> <span class='ocrx_word' id='word_1_340' title='bbox 1510 4669 1717 4749; x_wconf 76' lang='lat' dir='ltr'>lll.1r‚rr.</span> <span class='ocrx_word' id='word_1_341' title='bbox 1802 4701 1805 4710; x_wconf 75' lang='lat'><em>=</em></span> 
     </span>
    </p>
   </div>
   <div class='ocr_carea' id='block_1_11' title="bbox 0 0 2222 5850">
    <p class='ocr_par' dir='ltr' id='par_1_13' title="bbox 0 0 2222 5850">
     <span class='ocr_line' id='line_1_51' title="bbox 0 0 2222 5850; baseline 0 0"><span class='ocrx_word' id='word_1_342' title='bbox 0 0 2222 5850; x_wconf 95' lang='lat' dir='ltr'> </span> 
     </span>
    </p>
   </div>
  </div>
 </body>
</html>
