4500 5812
422 419 901 521 ostentat.
963 423 1064 508 rm
1115 419 1475 510 oraret
1580 449 1656 528 341

339 587 456 688 Huius
482 587 733 686 iurisdiilionis
753 583 857 688 Pepae
880 583 1064 664 conceliro
1087 587 1190 662 variis
1222 583 1409 686 Episcopis
1433 558 1660 663 occasionem
1682 537 1831 702 tems:

275 689 430 811 praebuit
452 707 578 784 litteris
597 709 672 804 ejus
692 705 952 806 explicationes
968 705 1027 799 (a)
1044 707 1081 781 io
1099 705 1205 781 retus
1220 701 1340 782 dubiis
1358 701 1545 804 flagitandi
1558 760 1570 790 ,
1583 702 1661 802 qui·
1685 700 1794 796 udae,

276 827 342 904 bus
356 827 416 902 ille
431 825 641 902 decretoriis
657 823 815 925 epistolis
827 821 1026 924 respondit,
1039 836 1148 924 atque
1161 845 1208 898 ex
1225 821 1300 899 hoc
1313 836 1480 923 tempore
1496 815 1660 898 Ecclefiis
1683 776 1857 941 131ξῇοὲὲῇῗὲ
1927 835 1930 840 ·

277 942 493 1025 Occidentis
507 941 683 1040 ejusmodi
701 940 860 1042 epistolis
876 940 975 1040 leges
990 940 1100 1018 dedit.
1144 936 1240 1018 Cirm
1256 937 1291 1015 H
1308 965 1364 1016 rnr
1378 965 1400 1017 r.
1413 967 1438 1018 n
1449 964 1463 1014 r
1476 961 1499 1012 υ
1511 960 1541 1026 s,
1563 929 1659 1014 Tar·
1686 944 1854 1041 consultos.-

276 1059 438 1149 raoonis,
455 1083 533 1161 quae
549 1057 748 1138 Provinciae
770 1061 808 1136 in
822 1049 1010 1168 Hispanid
1029 1057 1249 1158 Metropolis
1267 1059 1336 1148 est,
1352 1053 1661 1158 Episcopuslitte·
1681 1027 1856 1170 ζζέζξξζζῇζ

276 1181 324 1257 ris
350 1176 370 1255 ir
393 1176 432 1255 D
447 1201 469 1252 n
484 1201 513 1252 nr
530 1201 622 1253 nso
645 1173 738 1278 Papi
754 1174 937 1277 flagitillet
953 1180 1029 1277 ejus
1047 1176 1093 1253 de
1109 1175 1322 1278 quibusdam
1342 1174 1580 1254 ecclesiasticis
1604 1193 1662 1250 re·
1685 1190 1842 1272 respondit.

276 1297 343 1374 bus
358 1294 641 1373 administrandis
662 1294 851 1374 confilium
879 1289 963 1390 (b),
991 1319 1062 1373 nec
1083 1292 1147 1370 nil
1166 1295 1247 1395 poll
1274 1293 1346 1372 Dr
1359 1318 1388 1370 rr
1401 1315 1484 1373 nst
1504 1307 1664 1372 mortem

277 1414 428 1516 epistola
448 1411 604 1490 Romam
619 1417 776 1504 reniret,
791 1413 832 1492 Α.
851 1412 892 1492 C.
915 1427 1020 1512 3843
1038 1410 1213 1492 sucoeffor
1224 1412 1332 1511 hujus
1348 1411 1371 1492 S
1387 1437 1399 1487 1
1413 1439 1438 1490 rt
1453 1439 1466 1489 r
1483 1435 1570 1492 cru
1583 1439 1604 1512 s
1618 1413 1662 1487 il.

224 1517 227 1525 ¹
278 1529 308 1610 li
332 1529 539 1610 sonoritate
556 1531 770 1630 legissatoriir
789 1530 974 1632 respondit
986 1557 998 1624 3
1017 1531 1064 1608 de
1085 1530 1157 1606 und
1179 1554 1217 1607 re
1238 1529 1383 1608 dicensi
1410 1521 1503 1609 Ciam
1516 1521 1663 1636 horfia

279 1648 316 1727 ri
335 1689 470 1703 -—-
482 1635 584 1756 meisa
597 1649 648 1728 ad
655 1650 866 1756 prouincias
884 1641 1138 1724 dveneranda
1155 1648 1330 1724 manate
1337 1637 1581 1758 pradeeeffore
1591 1641 1667 1727 meo

278 1765 510 1846 Lrsenro
533 1765 722 1870 generalia
743 1766 888 1844 decreta
915 1761 1142 1875 prohibeant:
1170 1767 1230 1844 De
1246 1764 1333 1843 alit:
1360 1757 1602 1872 Noverintfi
1615 1763 1667 1846 ab

278 1887 373 1962 omni
386 1875 611 1988 eoclfiajiioo
628 1881 774 1974 honore,
797 1908 865 1990 quo
878 1874 1022 1988 indigni
1033 1873 1197 1987 resistant,
1212 1874 1420 1988 Apostolicae
1428 1877 1530 1963 Sedis
1546 1877 1667 1964 aredio..

278 2002 395 2080 ritate
410 1995 573 2106 dejeiios:
597 2000 656 2080 De
672 2001 737 2080 ant
753 2029 763 2079 τ
786 1995 932 2080 Scituri
943 1993 1085 2106 posthac
1099 1999 1254 2078 omniunt
1271 1995 1667 2110 Provinciarumsum-

279 2117 330 2196 mi
352 2109 571 2216 Auillius,
599 2119 697 2224 quod
705 2113 750 2226 st
768 2117 868 2197 uitro
883 2110 1062 2222 adfiaeros
1086 2116 1223 2198 ordines
1237 2142 1451 2223 quemquam
1470 2119 1513 2198 de
1532 2118 1669 2202 talibus

197 2265 199 2268 ·
274 2226 346 2345 effe
360 2229 616 2336 adsumendum
635 2233 703 2340 (a),
732 2230 782 2324 dr
810 2237 853 2312 de
868 2228 946 2341 suo
968 2227 1017 2321 dr
1040 2232 1083 2310 de
1105 2233 1258 2314 aliorum
1268 2226 1406 2341 statu,
1434 2261 1521 2341 quos
1538 2255 1667 2317 contra

285 2345 444 2433 Canones
459 2347 508 2441 it*
524 2347 720 2433 inseratis
745 2345 868 2460 nostra
885 2351 1158 2460 provexerint,
1178 2376 1376 2460 congruam
1402 2351 1451 2430 ab
1465 2347 1668 2464 Apostolicd

285 2470 372 2550 Sede
391 2470 620 2578 promendam
642 2459 708 2580 ff
720 2467 947 2573 sententiam.
978 2467 1206 2570 Hancporrd
1223 2471 1410 2572 epistolam
1424 2473 1521 2552 hunc
1535 2476 1574 2552 in
1587 2499 1669 2554 mo-

286 2591 373 2669 dum
391 2590 528 2668 claudit
541 2613 550 2662 τ
561 2582 841 2696 Explicuimus,
857 2605 902 2665 ut
915 2584 1092 2674 arbitror,
1102 2577 1234 2692 frater
1250 2589 1354 2667 citari
1382 2615 1460 2680 rme,
1476 2585 1665 2698 univerfir,

283 2729 361 2812 quse
391 2699 525 2812 digesta
534 2699 632 2806 sunt
664 2713 703 2786 in
724 2705 930 2814 querelam3
948 2698 998 2792 in
1014 2697 1237 2811 adfingulas
1256 2697 1405 2806 causas,
1420 2711 1463 2783 de
1482 2707 1610 2814 quibus
1622 2707 1678 2787 ad

284 2816 485 2902 Romanam
505 2815 724 2927 Ecclefiam
743 2840 866 2932 utpote
879 2823 932 2901 ad
948 2838 1060 2929 eaput
1079 2825 1140 2898 tui
1166 2825 1338 2930 eorporis,
1368 2825 1481 2904 retuli
1510 2827 1547 2915 i,
1558 2820 1673 2942 suffi-

284 2939 437 3031 cientia,
468 2933 651 3045 quantia
671 2941 810 3050 opinor,
828 2930 988 3054 responfla
1008 2939 1232 3020 reddidimus.
1280 2939 1399 3020 Nunc
1406 2931 1674 3046 fraternitatis

282 3073 356 3136 tuae
382 3058 549 3136 animum
562 3051 828 3166 adfirmandos
858 3051 1041 3148 wenta,
1069 3050 1116 3144 ir
1145 3056 1303 3136 tenenda
1330 3057 1528 3137 decretalia
1546 3053 1674 3168 conpli-

283 3190 382 3266 tuta‚
399 3177 512 3280 magis
528 3193 573 3254 at
589 3177 698 3282 magis
712 3178 920 3256 incitamus:
934 3174 985 3251 ad
997 3173 1069 3252 hac
1083 3231 1092 3266 ,
1106 3199 1185 3280 quae
1199 3176 1250 3251 ad
1260 3194 1330 3254 tua
1343 3172 1506 3284 consulta
1518 3171 1672 3286 rescrip-

268 3286 407 3400 fimus,
438 3302 476 3372 in
493 3299 652 3372 omnium
672 3285 957 3402 coepiscoporum
978 3281 1141 3398 pefferri
1149 3283 1278 3397 socias
1303 3302 1508 3393 notionem3
1531 3289 1581 3384 dt·
1602 3319 1673 3372 non

276 3401 391 3517 silim
413 3436 557 3501 eorum,
577 3419 642 3518 qui
660 3411 698 3487 in
720 3411 792 3490 tud
799 3405 895 3516 sunt
919 3404 1074 3515 Dioaast
1087 3405 1272 3516 constituti
1287 3463 1298 3506 ‚
1313 3403 1385 3518 sti
1398 3413 1509 3490 etiarn
1521 3413 1572 3490 ad
1586 3414 1668 3492 uni-

283 3519 407 3635 versos
421 3521 716 3634 Carthaginenses
729 3555 776 3606 ao
793 3525 962 3625 Baeticos,
979 3521 1175 3630 Lufitanos
1193 3553 1302 3633 arque
1323 3525 1488 3608 Gallicos
1500 3522 1590 3640 (d),
1606 3529 1674 3609 vel

284 3671 338 3724 eos
353 3653 435 3753 qui,
450 3645 586 3724 vicinis
600 3643 671 3725 tibi
685 3646 997 3737 collimitantium
1014 3643 1107 3736 inde,
1125 3642 1360 3739 Provinciis,
1378 3645 1459 3736 hae,
1479 3673 1558 3754 qua
1571 3641 1595 3724 d
1610 3673 1671 3726 no-

282 3759 337 3843 bis
358 3753 614 3870 suntfirlubri
641 3765 866 3842 ordinatione
889 3755 1054 3872 dispostta
1070 3823 1080 3851 ,
1099 3753 1175 3867 fi‘b
1205 3765 1419 3848 litterarum
1429 3757 1676 3872 prostratione
1768 3821 1776 3828 -

290 3881 502 3960 mittantur.
542 3873 596 3958 Et
607 3882 971 3990 quanquamstatuta
989 3873 1093 3958 Sedis
1114 3873 1325 3986 Apostolica
1332 3883 1398 3962 oei
1412 3875 1596 3963 Canonum
1606 3908 1675 3963 ve·

287 3995 472 4084 notabilia·
486 3990 663 4104 definita,
695 3997 788 4077 nulli
811 3993 1048 4079 Sacerdotum
1064 3993 1213 4077 Domini
1227 3998 1394 4104 t'gnorare
1404 3992 1463 4100 lit
1490 3997 1673 4100 liberume

267 4109 415 4195 utiliiss
443 4131 564 4194 tomen
579 4169 592 4214 ‚
609 4131 724 4222 atque·
735 4133 803 4224 pro
818 4117 1045 4223 antiquitate
1058 4111 1265 4196 Sacerdoti
1291 4121 1374 4209 tui,
1398 4109 1575 4230 diiedlioni
1600 4133 1679 4198 tuse

141 4247 145 4254 '
287 4223 352 4343 ‘effi
366 4236 508 4344 poterit
536 4231 724 4317 adrnodrmt
743 4225 961 4344 gloriosum,
976 4227 1020 4341 fi
1040 4261 1102 4325 eo,
1137 4258 1216 4339 qua
1245 4239 1296 4315 ad
1310 4253 1348 4315 te
1356 4228 1513 4344 spretioli
1534 4235 1680 4316 nomine

1072 4351 1143 4430 Vt
1197 4377 1217 4446 3
1264 4437 1267 4443 ,
1567 4368 1680 4458 gene-

319 4485 365 4560 is)
383 4487 574 4564 Restsw‘mt
1004 4489 1083 4568 qttod
1110 4491 1214 4553 addere
1224 4529 1235 4557 ‚¹
1262 4486 1329 4551 citor
1355 4487 1450 4552 locunt
1462 4489 1551 4567 ipsum
1570 4489 1679 4559 confite

323 4566 365 4644 li)
388 4569 545 4632 Diretitsn.
1005 4571 1066 4633 lete
1083 4591 1142 4633 non
1160 4573 1323 4647 contingat,
1342 4588 1465 4647 nequeo.
1480 4576 1494 4655 l

330 4653 371 4736 (a)
394 4652 524 4727 (Procul
544 4649 634 4718 dubio
660 4650 708 4716 hic
732 4649 840 4732 aliquid
857 4649 956 4718 deest:
1047 4657 1091 4734 (a)
1113 4654 1285 4734 populorum
1300 4653 1437 4724 carrara,
