4626 5810
224 397 229 400 ⁸
373 466 660 568 curouor.
707 465 905 558 aaran
928 405 1133 564 vleucu.¹
1155 411 1529 569 umauurrr}
1613 513 1662 592 5,
1752 411 1757 422 ’

329 637 639 717 Sruanrcrus
676 625 815 712 totuis
846 631 1130 714 Commentariis
1164 631 1235 740 (l)
1266 639 1312 718 ad
1341 644 1503 742 primum
1528 633 1662 716 librum

263 750 410 865 Pbrstcae
443 743 613 856 Aaroafir
642 749 1020 844 Antenorem,
1056 757 1105 832 ait
1126 749 1230 856 qudd
1263 757 1366 866 apud
1379 754 1557 836 nonnullos
1571 746 1662 863 esti-

263 901 355 960 uum
378 864 584 977 Solstitium
613 862 664 979 est
686 870 776 948 anni
799 870 974 967 mitium,
1007 886 1062 950 ut,
1079 871 1181 981 apud
1208 873 1337 954 Atticae
1360 871 1540 983 Populos,·
1560 873 1663 982 apud

256 996 347 1073 alios
376 981 654 1097 AEpuiuossium
688 987 929 1078 autumnale,
962 1005 1010 1067 ut
1033 989 1134 1098 apud
1157 989 1358 1090 Asiaticoa3
1385 1007 1449 1072 aut
1477 988 1657 1100 dipem,

255 1130 303 1193 ur
331 1110 436 1220 apud
464 1107 654 1188 Romanos
665 1135 678 1206 ;
705 1123 776 1185 aut
804 1131 963 1186 vernum
983 1101 1278 1215 AEquinollium,
1309 1127 1356 1191 ut
1387 1113 1490 1220 apud
1507 1113 1654 1203 Arabes,

1682 623 1850 691 chronolo-⁸

1678 710 1726 787 gia
1737 709 1854 786 Gtaeceg

1679 808 1758 870 ΝΜ.

256 1233 302 1314 ff
330 1228 591 1312 Dffisoemt
652 1217 811 1334 Marses
857 1245 983 1306 autem
1016 1229 1239 1338 princepium
1271 1229 1413 1310 ducum
1454 1230 1557 1339 apud
1587 1227 1657 1308 ali-
1757 1233 1790 1340 J

256 1375 344 1460 quor
378 1341 405 1427 a*
443 1338 550 1455 pseud
583 1337 740 1436 Luna,
779 1345 883 1455 apud
906 1345 992 1424 aliur
1030 1338 1197 1426 dnuod.
1257 1347 1496 1452 Quapropter
1539 1348 1660 1438 anni,¹

258 1471 393 1574 quibus
422 1463 561 1544 Gentes
587 1465 659 1544 istae
693 1489 823 1544 omues
852 1466 1066 1551 utebantur,
1084 1481 1196 1579 ¹erant
1223 1463 1493 1557 Luni-solares,
1517 1469 1554 1546 &
1569 1489 1658 1568 qun·

259 1603 344 1668 tuor
375 1585 460 1665 anni
488 1583 715 1685 temporibus
751 1583 1103 1686 concludebantur:
1139 1587 1303 1687 &apud
1337 1581 1510 1692 Romame
1541 1611 1658 1672 annua

258 1701 382 1810 primo
409 1703 607 1802 incipiebat
633 1701 655 1781 a
678 1700 810 1801 Vere,
842 1716 884 1780 ut
922 1703 1082 1782 indicare
1105 1703 1274 1782 videntur
1302 1703 1485 1783 Mensrum
1524 1703 1657 1786 Nomi.
1756 1737 1761 1744 ·

99 1883 105 1896 .
257 1849 330 1924 na,
359 1820 575 1938 Quintilis,
615 1817 799 1910 Sextilis,
831 1815 1060 1930 September,
1104 1814 1284 1913 Oroba,
1319 1818 1557 1912 November,
1579 1815 1657 1901 De-

258 1937 430 2023 cember:
458 1940 495 2016 dt
525 1937 657 2019 deinde
686 1944 763 2039 ejus
787 1939 933 2019 initium
951 1939 997 2019 ad
1026 1938 1207 2040 Hyemem
1231 1941 1437 2036 transsatum
1460 1941 1539 2020 suit.
1580 1939 1658 2020 Ve-
1748 1971 1750 1978 ¹

256 2076 316 2141 tus
349 2083 464 2139 annus
497 2057 612 2137 civilis
638 2048 883 2167 Afflriorum,
916 2049 1255 2161 &Babyloniorum
1277 2063 1410 2163 pariter
1440 2075 1517 2139 erat
1542 2059 1658 2138 Luni-

257 2180 400 2273 solaris3
432 2175 518 2256 edm
552 2176 627 2257 hoc
653 2179 738 2254 anui
763 2199 878 2278 genus
905 2177 1120 2278 usurparent
1148 2176 1401 2270 Samaritani,
1429 2181 1494 2280 qui
1525 2203 1572 2257 ex
1601 2180 1656 2256 di·

260 2297 366 2377 versis
397 2285 540 2404 Affprr'i
572 2293 721 2394 Imperii
758 2291 960 2372 Provinciis
990 2308 1184 2389 venerant3
1217 2299 1255 2372 &
1289 2289 1556 2396 consudet,
1591 2300 1655 2397 qui

263 2406 467 2520 Babylonia
491 2414 692 2500 redierant,
728 2410 908 2490 mensibus
939 2411 1172 2490 Luni-solaris
1199 2415 1284 2511 anni
1316 2412 1368 2489 sui
1399 2412 1565 2491 dederint
1588 2437 1657 2491 no-

262 2539 389 2624 mina,
423 2534 556 2636 quibus
588 2531 898 2628 distinguebantur
932 2530 1069 2607 menses
1105 2535 1191 2609 anni
1218 2525 1462 2634 Babyloniei3
1504 2533 1541 2607 &
1577 2527 1657 2610 Ba·

261 2666 413 2731 u'osus
445 2645 526 2758 (m)
549 2651 625 2737 ait,
659 2644 763 2751 quod
787 2642 978 2751 Babylonii
999 2641 1127 2726 Sacaea
1154 2649 1212 2730 sua
1242 2647 1474 2728 celebrabant
1495 2649 1540 2726 ad
1559 2649 1658 2728 deci·
1794 2716 1796 2722 ,

265 2795 369 2850 mum
408 2770 554 2857 sextum
587 2768 686 2845 diem
716 2763 846 2844 mensis
877 2758 1018 2864 Laus,
1053 2770 1116 2869 qui
1147 2769 1197 2846 est
1226 2769 1359 2845 lunaris
1400 2757 1659 2845 Macedonum

261 2887 426 2979 meniis,
461 2890 500 2966 aa
536 2885 721 2963 incidebat
761 2887 948 2963 inunum
986 2881 1158 2987 idemque
1187 2889 1274 2964 anni
1300 2885 1465 2986 Tempus
1501 2906 1512 2964 ε
1549 2901 1659 2989 atque

263 3002 432 3096 Arabes,
466 3027 627 3109 quorum
654 3002 813 3083 Colonia
841 3020 918 3082 erat
943 2995 1173 3105 Babylonia,
1207 3007 1331 3080 etiam.
1349 3026 1449 3080 nunc
1473 3001 1657 3083 lunaribus

265 3124 449 3204 meufibus
475 3127 635 3204 utuntur.
698 3117 825 3200 Docet
849 3121 1040 3210 Sarnus,
1073 3113 1141 3232 (n)
1168 3117 1271 3226 qudd
1301 3117 1551 3201 Chalduorum
1586 3115 1658 3200 Sa-

263 3267 330 3324 rut
363 3241 673 3346 complectebatur
712 3239 892 3320 ducentos
921 3242 1052 3340 viginti
1087 3240 1182 3319 duos
1214 3241 1352 3318 menses
1382 3240 1557 3330 lunares,
1592 3243 1658 3342 qui

264 3359 468 3444 conficiunt
495 3359 703 3439 otlodecinr
729 3383 873 3450 annos,
910 3383 1069 3461 quorum
1102 3357 1235 3460 singuli
1260 3359 1426 3438 constant
1456 3359 1657 3438 duodecim

264 3479 448 3559 mensibus
477 3479 682 3566 lunaribus,
717 3491 845 3578 praeter
868 3478 932 3558 sex
966 3477 1107 3555 menses
1130 3477 1366 3556 intercalaree
1412 3475 1576 3556 Cunus
1601 3480 1656 3574 (o)

267 3599 436 3678 dividens
469 3597 623 3676 flurium
649 3588 814 3672 Gnidum
841 3599 880 3674 in
910 3608 1091 3675 tercentos
1125 3596 1307 3696 sexaginta
1341 3595 1477 3674 Alaeus
1515 3595 1659 3674 videtur

266 3715 416 3797 allusisse
444 3716 489 3794 ad
523 3739 718 3794 nnmerum
749 3715 891 3800 dierum
920 3715 1219 3792 constituentium
1247 3737 1384 3806 annum
1417 3709 1658 3793 Kalendarem

268 3830 480 3917 Medorum
497 3892 509 3924 ,
524 3835 578 3912 ⁴&
603 3823 830 3938 Persarum:
854 3836 891 3911 &
909 3831 1060 3936 Juurn
1072 3814 1167 3910 uus
1187 3825 1206 3935 (
1219 3821 1277 3937 p)
1303 3825 1505 3934 Iu'rperator
1523 3831 1657 3921 scribit,

268 3949 402 4043 Nam,
431 3945 515 4031 cum
548 3975 663 4029 omnes
682 3949 751 4032 alii
782 3947 940 4056 Populi,
970 3966 1017 4027 ut
1038 3946 1153 4029 verbo
1177 3947 1319 4036 dicam,
1342 3938 1475 4054 menses
1494 3938 1583 4056 suos
1598 3971 1660 4025 ae·
1728 3981 1749 4035 ,α

196 4056 200 4068 ’
268 4073 478 4152 commodem
506 4069 558 4147 ad
585 4062 704 4150 Luna
739 4061 889 4181 cursum
903 4127 926 4185 ¹,
957 4093 1018 4148 uos
1036 4059 1111 4176 fhli
1147 4093 1231 4150 eum
1260 4059 1450 4183 AEgyptiis
1469 4064 1559 4146 anui
1584 4063 1661 4144 dies
1800 4103 1811 4118 κ

269 4181 384 4298 eursu
411 4188 500 4270 Sorte
529 4187 749 4269 dimetimur.

1066 4303 1105 4386 H
1170 4329 1206 4435 αἱ
1562 4301 1662 4384 Tan·

341 4471 378 4551 (l
430 4431 517 4550 Apud
532 4466 719 4538 Theodumn
749 4473 858 4540 nanu
877 4467 1091 4541 remeantur.

369 4571 399 4610 m
438 4551 520 4632 Apud
542 4551 717 4619 Athenaeunt.
740 4555 760 4622 Ι.
785 4571 832 4635 14.
