4434 5850
277 347 278 350 ψ
371 315 1433 444 ousuaVAurnoAur'a-r.
1546 387 1629 468 421

233 534 377 608 autem,
410 519 549 621 aliquot
572 542 751 597 annorum
783 542 876 621 opus
899 521 1091 627 AEgyptr‘is,
1128 519 1297 598 miracula
1322 520 1466 626 edentes
1489 518 1636 600 suorum
1685 537 1803 612 cuum,

233 635 441 739 Martyrum
463 637 627 738 reliquias
655 661 719 738 per
747 651 869 716 totum
898 650 1073 716 terrarum
1100 638 1230 715 orbem
1259 631 1491 727 distribuere,
1535 639 1636 739 quod
1658 618 1790 763 ff*

234 758 310 852 jam
325 769 407 832 ante
427 779 512 832 eum
535 779 672 832 annum
699 753 1041 832 consummaverant.
1104 751 1321 831 Abundabat
1345 754 1502 835 niaximb
1530 743 1638 834 Sanoss

235 887 360 960 torum
396 867 673 971 Martyriumque
704 856 861 972 reliquiis
894 880 1082 980 AEgyptur,
1116 867 1227 960 ciam,
1260 868 1415 950 balsamo
1451 853 1635 961 condita,
1675 880 1774 958 Quare
1789 877 1826 943 iis

235 1011 366 1066 eorum
388 986 584 1074 cadavera,
618 991 808 1088 privatim,
843 991 950 1064 etiam
973 989 1102 1074 domi,
1136 988 1176 1063 in
1199 985 1363 1077 leltulis,
1395 993 1546 1096 AEgyptii
1569 989 1638 1072 ser-
1659 960 1786 1060 abunda.

207 1187 210 1194 ,
236 1118 381 1207 varent5
405 1103 571 1206 eritque,
605 1129 677 1205 prae
702 1105 873 1183 omnibus
891 1104 966 1182 aliis
994 1104 1164 1191 urbibus,
1197 1103 1345 1182 celebris
1372 1099 1602 1184 Alexandria
1622 1165 1634 1198 ,
1659 1057 1795 1206 Mgtyput.

235 1222 339 1324 quod
361 1223 407 1300 ad
422 1247 544 1300 earum
571 1221 883 1318 distributionem,
915 1223 965 1298 ita
986 1236 1047 1309 ut,
1067 1220 1141 1299 boc
1158 1219 1337 1322 respersu,
1368 1223 1524 1322 gloriam
1542 1223 1639 1324 apud

237 1363 364 1418 omnes
388 1340 688 1441 consequeretur,
721 1337 861 1439 seseque
888 1335 1000 1418 Orbis
1023 1335 1252 1439 Metropolin
1275 1340 1453 1438 probaret
1513 1349 1637 1450 AEgyp-
1700 1343 1830 1426 ligypti,

235 1458 269 1535 ri
295 1457 528 1557 exemplum,
561 1455 711 1544 deinde,
741 1454 858 1534 secuta
880 1456 930 1532 est
954 1444 1177 1537 Antiochia,
1211 1453 1450 1556 dispergendo
1472 1458 1637 1558 reliquias
1657 1445 1676 1487 ‘
1705 1527 1753 1568 ua
1832 1471 1833 1475 '

240 1573 477 1674 quadraginta
501 1571 715 1674 Martyrum.
749 1572 876 1652 Secuta
894 1573 944 1650 est
961 1571 1191 1671 exemplum,
1221 1572 1395 1675 denique,
1417 1573 1503 1654 ciam
1514 1583 1635 1682 AEgyp·
1657 1553 1774 1684 deinde:
1784 1587 1827 1682 en

239 1693 275 1769 ti
287 1745 299 1774 ,
332 1689 413 1768 trlm
439 1683 559 1794 Syria,
593 1691 729 1791 reliqua
753 1713 832 1790 pars
861 1691 959 1766 orbis
985 1704 1169 1770 terrarum
1660 1669 1825 1813 ἓξξὶῗωὲν

285 1807 548 1908 Quadraginta
578 1805 783 1907 Martyrum
819 1799 1125 1884 Antiochenam
1159 1807 1317 1909 reliquiae
1348 1812 1440 1887 inter
1472 1804 1639 1888 Ecclelias
1661 1771 1701 1920 4¹0
1715 1765 1827 1906 ᾙὲγι

239 1925 343 2004 fuere
361 1924 555 2004 distributae
577 1933 668 2002 ante'
683 1948 819 2010 annum
845 1933 934 2016 373.
966 1921 1225 2004 Aruuunsr
1235 1951 1309 2014 us,
1343 1929 1466 2016 erum,
1495 1931 1559 2027 qui
1575 1910 1810 2056 illo-¹¹2¹Psssu·

240 2065 339 2120 armo
366 2039 508 2119 deceffit
540 2041 560 2120 ὲ
587 2044 704 2128 vivis,
738 2040 954 2121 Orationem
973 2037 1024 2138 de'
1039 2044 1082 2116 iis
1116 2040 1329 2142 couscriplrt.
1392 2043 1571 2129 Nondum
1599 2047 1639 2120 in
1658 2013 1677 2072 q
1697 2014 1742 2057 ¹⁸⁰

240 2160 361 2248 lucem
385 2155 503 2239 emilia
521 2160 571 2236 est
597 2157 675 2236 haec
700 2155 829 2238 Oratio
841 2183 852 2251 3
884 2181 984 2246 eam,
1009 2173 1153 2246 autem,
1183 2163 1222 2235 in
1237 2159 1293 2238 Μ.
1318 2160 1350 2244 S,
1379 2165 1417 2238 in
1444 2161 1641 2241 Cardinalis
1782 2217 1784 2220 -

242 2277 477 2364 Ascaurr,
510 2279 549 2353 in
581 2268 717 2363 ltalia,
752 2273 997 2363 bibliothecis,
1028 2273 1063 2350 se
1095 2273 1248 2364 uidille,
1280 2279 1424 2357 testatur
1454 2272 1640 2355 Gerardus

240 2388 396 2487 Ioannes
424 2393 660 2480 Vossius,
701 2395 740 2468 in
774 2393 1035 2470 commentario
1070 2395 1109 2468 in
1148 2390 1362 2475 Orationem
1400 2393 1638 2474 Erunrrrrr

93 2609 98 2622 ἱ
240 2505 321 2616 Syri
338 2511 442 2611 super
461 2509 606 2624 eosdqm
625 2531 680 2605 40
702 2507 889 2610 Martyres.
951 2507 1071 2598 cum,
1103 2512 1247 2612 itaque.
1273 2509 1457 2590 Monachi
1476 2507 1641 2600 Alexan·
1695 2599 1697 2602 ⁸

241 2627 342 2706 drini
358 2629 522 2730 reliquias
544 2625 748 2728 Martyrum
770 2629 1006 2731 AEgyptirrum
1025 2630 1064 2704 in
1078 2649 1204 2706 omues
1218 2630 1317 2705 orbis
1329 2643 1504 2708 terrarum
1523 2645 1640 2731 partes
1675 2729 1680 2732 ,

243 2746 468 2834 dimiserint,
501 2741 619 2845 eoque
636 2741 792 2842 gloriam
814 2742 884 2822 fuae
903 2746 1038 2822 civitati
1064 2744 1325 2846 compararint,
1355 2743 1453 2835 imb,
1479 2751 1519 2824 in
1535 2750 1641 2826 rebus

244 2863 443 2964 ejusmodi,
475 2861 703 2963 Metropolin
733 2885 812 2938 eam
836 2859 989 2940 universi
1009 2863 1106 2939 orbis
1131 2863 1345 2961 probarint,
1371 2879 1413 2942 ut
1444 2863 1642 2944 tenar-
1697 2849 1699 2854 ’

245 3004 477 3060 sosrouro
502 2977 790 3073 observavimus3
821 2977 992 3078 colligere
1009 2977 1097 3056 hinc
1119 2977 1222 3067 licet,
1256 2973 1552 3070 Alexandriam,
1579 3005 1642 3060 an·

244 3113 393 3200 tequam
415 3095 487 3198 ipsa
510 3096 744 3197 quadraginta
768 3094 974 3195 Martyrum
998 3094 1164 3196 reliquias
1193 3088 1402 3174 Antiochia
1428 3100 1606 3200 acciperet
1627 3154 1639 3187 ,

238 3218 319 3316 jam
342 3214 491 3294 suerum
513 3215 553 3289 in
573 3211 701 3290 omues
723 3211 852 3290 trullus
876 3215 1018 3288 mittere
1045 3209 1213 3313 cuepiffe,
1245 3216 1405 3314 primum
1420 3215 1496 3292 aliis
1519 3217 1643 3294 civita·

245 3334 343 3412 tibus
366 3331 575 3433 exemplum
597 3331 826 3430 praebentem.
889 3328 1039 3430 Coepit,
1071 3333 1217 3430 itaque,
1250 3329 1327 3410 haee
1356 3331 1582 3411 consuetudo
1602 3335 1642 3410 in

243 3458 416 3554 AEgypto,
448 3449 587 3551 aliquot
608 3463 689 3524 ante
712 3461 870 3524 mortem
902 3445 1183 3527 Arusuasrr
1206 3451 1317 3525 annis.
1379 3448 1504 3549 Coepit
1538 3464 1638 3538 tum,
1698 3451 1700 3458 ⁴

245 3564 334 3646 curn
355 3565 524 3646 miracula
548 3563 688 3642 edentia
715 3562 933 3666 Joruurs
956 3554 1118 3670 Baptista
1145 3561 1217 3641 olla
1242 3567 1282 3643 in
1299 3574 1485 3671 AEgyptum
1509 3565 1641 3668 depor-

243 3697 319 3763 tata
339 3683 502 3772 fueraut,
535 3705 576 3759 ac
594 3684 634 3760 in
653 3681 800 3782 Templi
819 3681 1001 3780 cujusdam
1028 3682 1160 3781 pariete
1185 3681 1411 3773 abscondita,
1442 3700 1487 3762 ut
1500 3679 1642 3783 futuri

245 3793 388 3881 Saulis
409 3791 619 3908 prodeffent.
653 3796 843 3899 ¹Reprella
876 3799 926 3878 est
960 3800 1159 3900 imperante
1187 3797 1407 3901 Juurruo
1436 3797 1636 3901 Apostati:

245 3919 404 4006 deinde,
436 3933 579 4006 autem,
613 3938 658 3994 ex
687 3923 829 4022 AEgypto
849 3939 914 4016 per
942 3939 1054 3993 omne
1067 3915 1205 3995 diffusa
1226 3916 1445 4018 Imperium,
1477 3911 1639 3995 Alexan·

244 4029 357 4125 dria,
388 4039 500 4114 totius
534 4036 633 4113 orbis
660 4032 890 4133 Metropoli,
923 4028 1120 4112 secundrlm
1154 4033 1637 4123 Cnnrsosrorrunr,

246 4151 362 4248 uos,
395 4148 440 4230 eb
466 4149 567 4252 quod
593 4150 734 4230 cultum
754 4151 860 4249 hujus
879 4153 1020 4249 generis
1041 4153 1158 4251 prima
1182 4153 1220 4230 δι
1244 4147 1424 4252 praecipue
1450 4149 1642 4252 propagls·

244 4269 329 4366 iet3
360 4259 565 4354 Antiochii
575 4322 588 4362 ,
628 4265 766 4373 porro,
799 4265 943 4371 ubisque
977 4267 1151 4358 urbibus,
1183 4270 1285 4347 brevi
1308 4266 1403 4348 illius
1435 4266 1643 4373 exemplum

246 4385 388 4468 secutis.
605 4455 608 4462 r
936 4433 942 4444 ·

873 4599 875 4608 ⁴
1073 4615 1214 4720 ..Gar
1263 4637 1283 4709 a
1598 4615 1644 4698 In
