4468 5814
606 421 690 519 ass
777 381 1724 502 ··'oeuscurun'xxrsr.

428 563 590 641 fill-Vl·
606 585 1027 694 excreversmtserenim
1049 578 1069 658 ὲ
1093 580 1177 659 Su1
1193 603 1260 658 ns
1287 580 1475 670 discimus,
1495 575 1600 685 quud
1622 579 1732 660 Zos
1749 604 1773 660 o
1789 577 2007 662 ssr'nrs'
2060 603 2064 610 ·

605 697 755 780 initium
781 697 881 778 desiit
910 699 1110 799 Magorum
1135 699 1271 791 nomini
1278 724 1289 794 3
1318 714 1428 804 atque
1453 702 1498 777 ab
1537 699 1680 780 Esus
1695 727 1716 779 c
1731 726 1785 778 ru
1800 726 1848 792 o,
1883 697 1985 802 quod

605 818 664 898 bic
691 811 877 897 Persarum
903 812 1142 923 Religionem,
1174 810 1280 926 prius
1305 817 1346 893 in
1368 817 1491 924 plures
1511 809 1630 926 fictas
1662 811 1842 925 diuifism,
1868 807 1985 923 rses'ot-

603 937 753 1033 mnoit3
791 941 828 1015 &
858 939 902 1016 ab
946 937 1235 1026 Ausones,
1274 933 1376 1039 quod
1414 930 1488 1044 ipfi¹
1529 937 1727 1037 Magorum
1768 934 1985 1040 Religionem

500 1083 505 1092 ·
602 1053 704 1164 apud
733 1054 854 1134 Persas
887 1053 1125 1146 introduxit,
1163 1053 1323 1161 antiquis
1344 1075 1471 1134 'eorum
1492 1045 1618 1161 ficetis
1642 1049 1781 1132 ritibus
1805 1055 1982 1150 mutatis,

603 1185 716 1278 atque
738 1169 912 1282 pluribus
951 1171 1172 1281 opinionibus
1199 1173 1355 1252 inlatis:
1392 1177 1435 1250 ab
1466 1173 1541 1256 Au
1556 1199 1586 1252 n
1603 1197 1616 1250 1
1631 1197 1655 1250 s
1669 1197 1736 1252 uo
1762 1165 1824 1280 (e)
1847 1181 1982 1268 autem,

601 1283 790 1396 Magiam
816 1279 881 1400 effe
907 1291 1116 1369 diuinorum
1146 1282 1488 1402 incnnupnffimum
1516 1289 1674 1381 cultum,
1695 1289 1800 1396 cujus
1817 1287 1984 1397 scientiae

605 1433 658 1486 esc
677 1401 822 1514 fiscalis
849 1401 974 1518 priscis
1003 1408 1121 1487 multa
1148 1433 1203 1486 ex
1227 1411 1483 1490 Chaldaeorum
1511 1409 1658 1488 arcanis
1681 1407 1885 1488 Bustrianus
1921 1404 1985 1485 ad-

605 1517 1983 1636 nditzorosersrs:deinceHrssrssssRexpradantqfimus

605 1643 678 1723 Dn
696 1663 919 1754 u1„1pater;
946 1633 1043 1751 qui}
1073 1638 1155 1723 cum
1175 1637 1376 1751 superioris
1399 1647 1511 1725 Indiae
1522 1638 1859 1752 secretafldentiics
1880 1659 1984 1752 pene·

605 1757 841 1861 traret'„ad
867 1754 1080 1869 nemorofhm
1099 1762 1282 1870 quandam
1307 1779 1464 1842 venerat
1485 1755 1744 1870 solitudinem,
1760 1762 1863 1870 cujus
1878 1777 1985 1842 tran·

461 1921 465 1926 -
604 1878 724 1986 quillis
736 1871 898 1986 filantiis
912 1873 1079 1988 pracelfis
1108 1879 1417 1961 Brachmanorum
1442 1867 1587 1987 ingeuia
1603 1882 1820 1990 potiuntur3
1847 1884 1984 1960 eorum-

604 2023 675 2104 que
699 1998 839 2079 monitu
870 2007 1029 2079 rationes
1055 1995 1233 2078 mundani
1257 1991 1372 2077 motus
1411 1992 1462 2086 lu
1483 1992 1672 2106 siderum,
1696 1989 1878 2108 purisque
1914 1991 1984 2077 Sa·

605 2131 751 2195 crorum
775 2125 899 2208 ritus,
929 2111 1112 2223 quantiam
1142 2116 1302 2222 colligere
1320 2117 1467 2225 potuit,
1505 2115 1697 2208 eruditus,
1724 2141 1777 2193 esc
1801 2115 1881 2206 bis,
1902 2139 1983 2221 que

572 2319 574 2327 ,
605 2231 759 2326 didicit,
788 2236 915 2340 aliqua
935 2228 1091 2342 flenfibus
1124 2233 1324 2334 Magorum
1349 2223 1508 2341 infudit3
1534 2259 1612 2339 que
1643 2233 1698 2314 illi
1719 2257 1802 2311 cunt
1830 2223 1984 2341 discipli.

604 2351 660 2431 nis
690 2341 949 2462 presentiendi
964 2343 1139 2460 stenae,
1164 2369 1229 2461 per
1247 2345 1362 2460 suam
1399 2344 1548 2462 quisque
1580 2351 1810 2461 progeniem,
1834 2343 1983 2460 pesteris

604 2463 774 2548 cratibus
811 2472 975 2554 tradunt.
1024 2468 1044 2546 l
1055 2498 1091 2548 oe
1118 2495 1190 2560 eo,
1227 2487 1295 2578 pec
1309 2461 1446 2575 secula
1470 2469 1588 2547 multa
1622 2469 1674 2548 ad
1702 2464 1876 2576 prafins,
1906 2461 1984 2547 uni

606 2581 798 2695 ealdlrnque
823 2579 993 2697 prostcpiai
1021 2589 1217 2667 multitudo
1240 2603 1392 2684 creata,
1412 2581 1576 2665 Deorum
1593 2583 1749 2665 cultibus
1775 2585 1978 2666 dedicatur.

606 2691 838 2812 Feruntque,
864 2699 909 2812 st
916 2697 1065 2814 justum
1090 2699 1262 2812 esla'redi
1273 2765 1284 2796 ,
1310 2706 1420 2782 etiam
1446 2706 1561 2810 ionem
1585 2697 1719 2784 culitits
1733 2695 1871 2811 lapsum
1884 2701 1983 2813 apud

593 2811 891 2932 sesempiternis
909 2815 1052 2928 foculis
1080 2799 1284 2932 ereslodiri,
1317 2821 1422 2932 cujus
1452 2826 1650 2929 portionem
1676 2822 1853 2926 exiguam
1886 2881 1896 2911 ,
1939 2817 1982 2899 ut

591 2931 792 3048 fhustam,
818 2931 959 3050 presffe
986 2941 1162 3047 quondam
1193 2941 1353 3020 Assuricis
1389 2933 1544 3044 Regibus
1573 2941 1724 3018 dicunt:
1753 2933 1881 3046 Hujus
1913 2937 1981 3016 ori·

501 3082 503 3086 ·
595 3060 695 3164 ginis
726 3060 828 3169 apud
850 3057 1002 3139 Veteres
1032 3083 1204 3138 numerus
1244 3057 1481 3146 sentenciis,
1508 3050 1653 3165 ejusque
1674 3049 1851 3159 mysteriis
1872 3054 1982 3135 Perfi-

602 3201 654 3256 cae
695 3169 881 3285 potestates
916 3177 954 3254 in
976 3167 1164 3284 faciendis
1204 3173 1313 3253 rebus
1352 3174 1490 3252 divinis
1517 3167 1725 3281 fislemniter
1765 3170 1976 3280 utebantur.

602 3279 775 3399 Eratque
787 3293 977 3402 piaculum
1007 3319 1095 3371 aras
1117 3293 1242 3390 adire,
1273 3289 1338 3373 ‘uel
1355 3283 1502 3398 bostiam
1530 3282 1763 3382 contreblare,
1786 3305 1980 3396 antequam

541 3467 543 3472 =
601 3409 738 3510 Magus
763 3410 935 3520 conceptis
966 3406 1230 3520 precationibus
1259 3407 1454 3488 libamenta
1486 3399 1699 3517 difflanderer
1729 3402 1976 3514 precursoria.

602 3523 747 3605 Verum
771 3525 873 3606 anili
902 3527 1120 3636 paulatim,
1151 3529 1191 3607 in
1220 3527 1492 3635 amplitudinem
1517 3527 1638 3630 gentis
1657 3517 1782 3632 fhlida
1817 3512 1980 3636 conceffe-

598 3659 691 3722 runt
715 3636 763 3734 Θ
787 3667 909 3726 nomen
935 3669 947 3724 .·
969 3638 1148 3754 uillisque
1174 3643 1419 3724 iubebitantes
1438 3637 1538 3723 nutet
1563 3667 1753 3723 murorum
1765 3637 1987 3752 firmitudi'

600 3783 646 3842 ne
668 3769 921 3856 communitas,
949 3759 996 3854 lu·
1025 3761 1160 3869 legibus
1187 3763 1246 3842 nti
1276 3753 1439 3874 permiffi'
1450 3823 1460 3854 ,
1485 3757 1678 3868 Religionis
1704 3753 1865 3868 refluebiu
1893 3756 1980 3860 sunt

599 3880 771 3960 honorati.
824 3883 948 3984 ltaque
975 3883 1049 3962 hoc
1070 3881 1267 3984 Imperium
1293 3877 1474 3983 principib
1501 3905 1548 3960 ex
1575 3881 1735 3984 pluribus
1757 3877 1979 3960 Nationibus

600 4003 821 4082 concrevit.
847 4027 998 4104 quarum
1031 3999 1177 4100 lingulas
1202 4017 1345 4078 eatenus
1370 3998 1517 4100 proprii
1542 3997 1734 4098 Religione
1766 3999 1835 4074 ulae
1864 4001 1944 4076 lunt
1967 4025 1978 4094 3

599 4129 689 4195 tunc
714 4131 832 4196 autem
857 4117 1153 4198 Hrsussers
1178 4117 1214 4194 ἃ
1239 4117 1611 4206 zosossssss,
1642 4116 1857 4216 colligentes
1876 4119 1981 4218 quid-

600 4235 690 4335 quid
722 4242 906 4334 optimum
941 4240 1055 4316 visum
1096 4237 1180 4325 est,
1228 4237 1317 4312 illud
1349 4236 1491 4333 legibus
1519 4216 1771 4322 sanciverunt,
1816 4231 1980 4336 aliosque

600 4351 828 4441 docuerunt,
857 4355 956 4432 unde
982 4357 1097 4434 rursus
1128 4353 1173 4431 ad
1213 4355 1301 4430 alios
1327 4367 1569 4454 propagatum
1595 4353 1668 4448 est,
1693 4349 1813 4430 donec
1851 4376 1980 4429 eorum

599 4465 780 4569 Discipuli
805 4474 844 4546 in
879 4486 1019 4550 tantum
1051 4495 1244 4548 numerum
1278 4487 1506 4562 creverunt,
1550 4484 1591 4548 ut
1618 4467 1780 4569 Imperio
1812 4469 1977 4546 universo

600 4583 809 4664 Sacerdotes
835 4586 995 4666 sufficere
1022 4591 1209 4684 valerent3
1245 4607 1353 4692 atque
1375 4592 1479 4670 variis
1502 4587 1573 4669 ulis
1597 4560 1874 4688 Religionibus,
1897 4610 1977 4686 quae

688 4727 730 4807 (a)
750 4725 890 4794 manaim.
906 4725 925 4790 1.
942 4745 991 4809 23,
1002 4747 1030 4811 c,
1045 4744 1074 4800 cs,
1892 4701 1980 4784 huc·
