4626 5810
616 412 918 509 onom
979 411 1400 510 CHRONICA.
1629 463 1681 524 21

290 583 380 666 'valia
406 605 473 686 per
500 593 667 682 patrem,
704 582 743 660 δι
787 579 1015 680 undeviginti
1047 597 1113 680 per
1157 593 1344 672 matrem,
1370 571 1604 690 (tribuendo
1635 599 1687 674 vi-

291 704 382 805 ginti
418 701 456 779 &
496 700 600 792 ouo,
638 712 721 790 eut,
752 711 794 806 ut
826 700 1046 801 plurimum,
1077 698 1225 796 triginta
1253 723 1368 779 annor
1396 706 1594 809 unicuique
1611 709 1686 790 Ge.
1719 755 1722 762 ,

288 809 529 924 necationi,)
557 818 780 914 conficiunt,
805 817 970 895 medium
998 817 1179 904 tenendo,
1213 819 1357 897 circiter
1379 822 1623 922 quingentos,
1644 829 1684 913 ἂ

287 938 424 1040 septem
439 961 573 1026 annos,
592 940 659 1040 qui·
673 935 913 1015 retroversum
931 934 1148 1012 dinumerati
1162 933 1207 1012 ab
1222 961 1342 1026 anno,
1363 959 1438 1037 quo
1456 941 1592 1044 incepit
1607 948 1683 1026 bel.

288 1057 363 1135 lum
406 1052 762 1168 Peloponnesiacum,
792 1053 923 1162 (nam
957 1057 1051 1131 circa
1087 1052 1164 1134 haec
1201 1068 1369 1158 tempora
1405 1053 1534 1136 florere
1567 1071 1684 1167 coepit

286 1171 325 1252 H
335 1167 691 1279 treocnrus)
721 1197 790 1251 nos
817 1173 998 1252 reducunt
1024 1171 1070 1277 acl
1088 1185 1233 1273 tempus
1251 1173 1365 1264 illud,
1397 1175 1437 1249 in
1468 1199 1544 1279 quo
1560 1184 1683 1283 posui.
1746 1255 1748 1262 ,

284 1305 367 1371 mus
391 1293 667 1393 expeditionem
696 1284 1012 1397 Argonautarum.

374 1421 470 1503 936.
499 1406 763 1490 Huncurte
791 1407 811 1488 h
838 1409 993 1488 vinculis
1033 1405 1266 1496 Tnesgun
1297 1407 1413 1490 solvit.

290 1545 293 1554 ’
374 1551 471 1626 934.
509 1523 566 1607 Fit
596 1529 739 1607 venatio
766 1527 855 1630 Apri
885 1525 1096 1630 calydonii,
1134 1549 1245 1630 quem
1272 1523 1546 1610 Mrcrroon
1575 1534 1685 1618 intere

283 1647 379 1726 iecit.

375 1789 471 1859 930·
505 1750 820 1854 Anr'nornts,
856 1783 904 1840 ex
928 1751 1119 1870 AEthiopih
1147 1785 1189 1842 ac
1216 1750 1398 1839 Thebaide
1417 1777 1680 1856 cumexercitu

281 1880 486 1983 profeiius‘,
512 1885 649 1962 invadit
676 1883 887 1962 inferiorem
920 1877 1149 1988 AEgppturn,
1178 1877 1516 1963 Oen'nrrenun
1540 1893 1678 1984 vincit,

280 1993 455 2100 Judaeos,
483 2003 520 2080 ἃ
553 1993 759 2081 Canaaneos
774 1997 1007 2099 expellit:Et
1037 1999 1115 2078 haee
1145 1997 1298 2076 habetur
1316 1997 1471 2079 secunda
1492 2001 1679 2089 Pastorum

281 2119 460 2217 expullio.
503 2119 801 2200 Crruooers
821 2119 987 2216 moritur,
1008 2117 1150 2195 &inter
1167 2115 1272 2195 Deos
1286 2111 1471 2199 referturh
1486 2121 1679 2226 Tuom.

282 2259 359 2326 re,
394 2241 523 2339 quiin
553 2230 640 2338 ejus*
655 2239 839 2314 honorem
864 2231 959 2313 Fano
988 2231 1126 2340 Paphi,
1149 2237 1186 2311 ἃ
1218 2227 1466 2314 Amathuntis
1484 2244 1522 2318 in
1553 2237 1679 2352 Cypro

280 2377 322 2429 oc
350 2351 465 2458 Fylli
488 2357 525 2433 in
543 2348 660 2460 Syriai
685 2356 825 2440 erexit,
846 2350 1154 2454 Sacerdote'sque,
1175 2352 1212 2428 δι
1237 2352 1331 2428 secra
1362 2356 1555 2435 constituit
1586 2359 1678 2444 Haec

280 2471 331 2547 est
349 2489 513 2554 veterum
539 2472 746 2562 Venor,
774 2469 812 2546 &
845 2464 930 2548 Dea
955 2461 1116 2577 Cypria,
1145 2493 1188 2548 ac
1221 2461 1307 2546 Dea
1328 2459 1453 2580 Syria.
1503 2476 1676 2578 Appella.

278 2599 313 2662 te
342 2594 451 2669 etiam
480 2592 549 2670 fnit
575 2588 740 2700 Paphia,
768 2579 1014 2700 Amathusia,
1042 2579 1198 2690 Byblia,
1225 2577 1432 2689 Cytherea,
1454 2586 1674 2698 Salaminia,

280 2696 435 2798 Cnidia,
462 2703 672 2813 Erpclnia,
706 2703 850 2802 idalia,
885 2708 953 2783 &o
972 2729 1020 2786 ex
1048 2704 1151 2806 supra
1188 2706 1334 2793 relatis,
1370 2706 1521 2815 aliisque
1549 2713 1669 2806 iocis,
1725 2767 1731 2774 -

277 2824 341 2899 ubl
367 2825 526 2929 Templa
556 2830 611 2906 illi
638 2830 753 2908 dicata
788 2826 945 2902 fuerunt
1007 2821 1092 2923 Ejus
1122 2839 1243 2904 eutem
1265 2821 1476 2909 Ornatricee
1507 2845 1607 2924 tres,
1633 2836 1673 2912 in

278 2953 347 3020 tres
382 2943 523 3025 Gratus
553 2959 698 3025 mutatae
724 2946 880 3022 fuerunt

366 3078 463 3154 928.
504 3063 654 3165 Septem
679 3063 813 3168 Duces,
832 3075 1052 3166 oppugnant
1087 3048 1246 3136 Thebas.

364 3203 460 3275 927.
504 3179 770 3262 Hencorsss
794 3181 862 3270 ,δι
893 3177 1094 3258 AEecurr
1114 3197 1227 3254 erue
1246 3173 1446 3261 Divinitete
1471 3185 1666 3269 donantur.

275 3283 607 3379 Eunusnrreus
633 3304 749 3402 exigit
774 3291 997 3376 Heraclidas
1028 3297 1049 3376 ὲ
1082 3287 1318 3398 Peloponneso
1375 3299 1599 3386 interimitur
1625 3311 1672 3387 ab

276 3407 451 3494 Hunno
481 3404 746 3497 Hinoucrs
775 3413 863 3492 filio.
915 3415 1105 3492 Annuus
1127 3411 1221 3490 {iiius
1249 3411 1466 3499 Pecorrs
1499 3421 1581 3503 Rex
1600 3451 1671 3527 pro

275 3524 566 3612 Eunrsruco
595 3553 736 3616 creatur
754 3523 944 3635 Mycenis.
990 3531 1284 3621 Menstruus,
1313 3538 1516 3634 cuiusavus
1539 3543 1660 3623 ficerat

274 3641 610 3728 ornem-mus
638 3667 766 3754 regnat
796 3643 958 3726 Athenis.

360 3791 460 3862 925.
498 3765 716 3850 Terrenus
744 3769 764 3851 ὲ
787 3767 941 3868 scopulo
968 3755 1122 3869 dejel'ius
1142 3769 1368 3848 interimitur.

360 3907 459 3981 924,
523 3884 598 3964 ΗΥ
613 3911 733 3969 rcus
792 3886 964 3965 invadens
1012 3877 1284 3994 Peloponnefirm
1329 3889 1568 3974 obtruncatur
1618 3897 1665 3977 ab

270 4001 482 4079 terreno.

360 4141 457 4209 919.
491 4118 676 4200 Annene
700 4125 866 4201 moritur.
930 4122 1261 4205 Aonnrnuon
1282 4120 1403 4228 Regni
1420 4125 1575 4210 habenas
1593 4130 1663 4211 sus·

271 4232 372 4330 cipit
433 4237 589 4314 Absente
609 4235 881 4326 Menenio,
915 4245 979 4344 qui
1007 4244 1071 4317 iter
1096 4241 1294 4321 instituerat
1322 4245 1366 4322 ad
1385 4247 1593 4348 colligenda
1619 4275 1660 4331 ea

271 4371 354 4454 que
380 4350 557 4434 Arnrue
586 4371 688 4458 pater
711 4360 744 4432 ei
771 4357 985 4459 relique-rat,
1019 4355 1169 4438 Prnrs
1202 4365 1295 4463 rapit
1314 4358 1571 4446 Herennu.

360 4482 457 4565 9¹8·
486 4469 622 4552 Iterum
645 4473 784 4555 bellum
812 4473 939 4558 lhehis
969 4479 1134 4674 inlertpr.

275 4607 282 4617 ’
1172 4617 1195 4688 3
1562 4626 1657 4696 912.
