4434 5850
404 411 1045 522 prenarratur
1097 421 1451 524 pruina
1547 469 1627 544 ιι,

244 587 428 689 Regiones
454 589 669 694 perpellaet
647 578 721 668 sint
755 591 895 671 Primus
912 616 970 669 eae
986 591 1528 693 occupavitAurrocuus3
1547 613 1694 718 turns„
1665 663 1734 740 “MP

243 706 435 786 Scours
463 710 644 811 quidam,
669 731 754 787 cum
779 715 941 790 exercitu
958 707 1134 822 AEgypeeo
1156 707 1305 802 miuus,
1326 713 1466 792 easdem
1498 709 1626 796 abillo
1646 748 1681 802 ν
1683 681 1787 806 inseri.

240 835 486 927 recuperavit:
507 829 680 928 proximu
695 827 1110 916 anemurium
1128 837 1239 924 55'0,
1262 851 1378 931 prope
1395 829 1516 911 sontes
1541 827 1628 933 Jor-

239 940 362 1032 dani,
386 943 697 1024 Aurrocuus
725 959 811 1024 cum
843 945 1003 1023 Souna
1007 945 1261 1054 ἢεοηξτιῖῑιιε,
1289 963 1372 1026 eum
1399 949 1517 1040 ludit,
1541 951 1626 1030 dein

238 1052 369 1138 Sidone
388 1062 549 1151 obsedit,
578 1087 658 1139 eam
679 1065 807 1142 urbem
824 1067 947 1166 cepit,
971 1079 1013 1142 ac
1043 1059 1194 1166 Syriam
1213 1087 1298 1141 cum
1327 1057 1533 1157 Piuuirid,
1563 1073 1625 1148 de

237 1199 338 1267 nun,
362 1173 629 1288 abAEgyptiis,
655 1185 692 1258 in
716 1183 813 1260 suam
835 1183 1050 1284 potestatem
1081 1183 1297 1276 vindicavit,
1317 1184 1416 1260 ultro
1444 1185 1487 1261 ad
1517 1187 1624 1266 illum

235 1297 503 1376 transeuntibus
512 1294 661 1400 Judaerr.
695 1298 829 1394 Tribus
848 1315 967 1378 autem
982 1295 1257 1400 annispdlt,
1218 1323 1304 1376 cum
1330 1300 1498 1378 bellum
1488 1323 1525 1379 m
1552 1299 1625 1384 Ro·

235 1437 356 1490 monor
374 1417 585 1511 adornaret,
603 1406 794 1522 Raphiam,
813 1421 851 1494 iu
865 1407 1022 1524 AEgypii
1035 1417 1177 1506 linibus,
1193 1419 1293 1494 venit
1308 1417 1376 1502 Au
1388 1441 1413 1495 r
1426 1443 1440 1494 1
1451 1442 1618 1512 neuun,

236 1550 365 1642 paoem
386 1557 468 1612 rum
499 1527 688 1640 Epiphanr
717 1535 835 1624 feeit,
871 1535 1042 1636 suimque
1062 1533 1126 1634 ipsi
1150 1534 1259 1612 filiam
1289 1536 1622 1617 errore-reru

236 1671 394 1726 uxorem
414 1651 524 1728 dedit.
555 1647 732 1732 Proximo
752 1665 930 1730 autumno
946 1649 1224 1751 Hellespontum
1246 1655 1412 1751 trajecit,
1445 1648 1618 1746 Gratas,

236 1787 317 1866 quae
337 1771 375 1844 in
400 1768 473 1846 lide
496 1762 740 1847 Romanorum
769 1785 889 1860 erant,
931 1771 1037 1847 urbes
1065 1769 1270 1858 invasurus,
1305 1769 1326 1848 ὲ
1353 1772 1484 1871 quibus
1511 1778 1620 1856 etiam

234 1887 335 1984 cepit
354 1887 569 1982 nonnullas3
594 1884 742 1976 terrim,
770 1887 885 1965 allate
907 1885 1098 1989 proximi,
1123 1887 1248 1988 praelio
1273 1879 1476 1966 allemanie
1493 1892 1615 1982 virius,

233 2007 272 2080 in
299 1996 425 2106 Asiam
461 2029 544 2082 cum
574 2009 738 2083 exercitu
764 2009 896 2082 reverti
933 2005 1075 2083 coelius
1099 2005 1182 2081 est:
1215 2005 1372 2082 necdum
1400 2007 1617 2088 circumasto

222 2143 360 2210 annu,
388 2127 497 2198 etiam
519 2119 627 2223 iplius
645 2121 778 2210 classis,
814 2118 835 2200 ὲ
861 2115 1104 2211 Romanorum
1134 2119 1262 2210 classe,
1293 2121 1427 2200 devilia
1448 2125 1517 2211 est,
1535 2149 1621 2225 pru·

124 2297 131 2304 .
231 2263 279 2342 pe
308 2233 505 2316 Phameam.
535 2237 677 2317 Eodem
708 2261 858 2341 quoque
891 2254 1056 2340 tempore
1084 2240 1306 2338 legationem
1340 2232 1490 2316 Romam
1515 2243 1622 2320 mise·

230 2367 322 2436 runt·
338 2347 542 2465 Epiphanes
570 2359 607 2434 ἃ
647 2355 981 2445 Catoniana,
1022 2380 1102 2457 quae
1131 2355 1164 2432 S.
1185 2354 1221 2434 P.
1242 2353 1348 2450 QR.
1386 2356 1432 2434 de
1465 2356 1624 2438 successu

228 2490 417 2552 armorum
455 2478 492 2550 in
526 2474 869 2562 detrinentum,
903 2487 1042 2576 patrem
1074 2475 1210 2562 suum,
1241 2470 1512 2571 gratularetur,
1546 2479 1623 2554 eos·

227 2590 387 2692 dimque
406 2592 679 2681 adhortaretur,
702 2603 744 2669 ut
764 2592 927 2681 bellum,
964 2615 1048 2669 eum
1075 2591 1178 2691 ipso,
1217 2591 1255 2666 in
1279 2581 1408 2695 Asiam
1424 2593 1620 2696 proseque-

227 2725 368 2789 rentur.
403 2699 559 2787 Romaai
581 2710 707 2788 denuo
729 2711 800 2787 ΑΝ
816 2733 841 2785 τ
856 2734 869 2785 1
887 2733 987 2787 ocu
1003 2735 1026 2786 u
1042 2733 1093 2798 u,
1111 2707 1205 2786 haud
1225 2707 1356 2808 procul
1378 2693 1524 2819 Epheso,
1541 2735 1616 2820 ma·
1675 2729 1687 2750 ²

224 2830 351 2906 ritimo
377 2827 503 2928 praelio
525 2826 757 2927 superlrunt3
791 2830 915 2926 copias
945 2827 1019 2903 suas
1047 2825 1326 2926 Hellespontum
1355 2826 1591 2906 traduxerunt
1601 2855 1616 2926 ς

224 2949 437 3045 ingentem,
463 2969 510 3022 ex
536 2944 899 3040 eodemmodern
927 2943 1019 3020 terri
1053 2943 1283 3042 reportarunt
1306 2967 1317 3036 ;
1347 2966 1496 3020 omnem
1521 2944 1610 3046 ipfi,

224 3065 277 3140 cis
300 3061 488 3152 Taurum,
516 3055 644 3167 astam
673 3075 859 3162 ereptam,
888 3052 1118 3164 Pergamenis
1135 3059 1262 3160 Regi,
1298 3056 1322 3162 i
1347 3083 1444 3162 quo,
1475 3061 1547 3141 hoc
1573 3069 1612 3142 in

222 3180 349 3275 bellu,
368 3179 480 3278 adjuti
498 3181 649 3270 suerent,
667 3181 850 3258 dederunt
857 3201 869 3273 3
887 3199 1018 3276 grave,
1039 3179 1218 3280 denique,
1238 3177 1413 3254 tributum
1427 3179 1610 3258 Auern-

223 3311 316 3374 nuo
331 3296 594 3397 imposuerunt.
626 3297 677 3376 lta
700 3293 779 3374 Rex
796 3293 986 3399 Pergami,
1009 3287 1250 3374 Romanorum
1266 3295 1452 3395 potentia,
1470 3317 1609 3398 ereptae

221 3411 311 3506 sibi,
334 3415 703 3504 abrlnrrocern,
730 3415 887 3491 ditiones
915 3417 1163 3512 recuperavit:
1194 3411 1520 3496 Autronius
1547 3441 1609 3495 au·

222 3545 321 3622 tem,
346 3530 433 3610 citm
459 3537 496 3610 in
526 3531 679 3634 reliquae
706 3529 772 3608 fibi
798 3528 916 3630 Regni
945 3546 1061 3631 partes
1085 3530 1154 3606 sese
1176 3525 1363 3630 recepisset
1387 3531 1610 3612 dunhusen.

219 3652 277 3728 nis
304 3651 406 3749 poll,
433 3648 452 3726 ὲ
477 3641 582 3755 Post
604 3701 616 3742 ,
640 3651 727 3726 dum
750 3647 847 3750 Jou
862 3675 874 3725 1
891 3674 907 3724 s
926 3639 1008 3725 Beli
1025 3645 1226 3749 Templum
1251 3651 1288 3725 in
1312 3645 1503 3746 Elymaide
1524 3650 1607 3750 spo.
1665 3673 1670 3682 ·

219 3767 340 3855 liaret,
367 3783 408 3845 ut
434 3769 518 3845 inde
546 3781 737 3866 argentum
754 3765 924 3843 liomonir
942 3766 1105 3843 debitum
1132 3765 1352 3856 conficeret,
1377 3766 1516 3844 occisus
1543 3769 1602 3848 eli

218 3887 340 3985 sltque
353 3884 431 3962 haec
448 3890 496 3962 ita
514 3887 609 3985 apud
628 3882 899 3962 Dturuuem
920 3877 1095 3984 descripta
1120 3899 1317 3961 occurrunt
1332 3877 1406 3987 (a).
1428 3876 1610 3962 Revrrm.

217 4015 287 4078 tur
305 3999 398 4078 enim
419 3998 510 4082 Rex
522 3998 734 4108 Aquilonis,
754 4001 823 4081 Au
839 4025 864 4076 a
879 4025 892 4075 1
907 4023 1008 4079 ocu
1023 4025 1102 4088 us,
1123 3995 1258 4100 mo'ari
1180 4024 1362 4107 quur
1373 4001 1492 4110 priori
1513 4001 1605 4080 mul-

216 4117 412 4197 titudinem
440 4119 566 4215 ducet3
595 4113 644 4206 ir*
671 4110 768 4197 certi
786 4119 929 4205 ueniet,
955 4111 1029 4224 poli
1055 4134 1168 4197 mrim
1192 4143 1322 4208 annos,
1356 4141 1439 4196 rum
1466 4118 1606 4224 ingenti

216 4236 411 4334 exercitu,
432 4232 695 4372 &ingentibmr
712 4235 865 4314 divitiis.
898 4227 974 4324 lit,
989 4233 1066 4312 illie
1090 4231 1321 4343 temporibus,
1337 4236 1453 4320 mulii
1470 4237 1604 4313 adver-

202 4339 281 4459 sier
300 4349 432 4458 Regem
447 4347 579 4462 Austri
596 4354 823 4466 rmyurgrot,
852 4351 1047 4457 presertim
1065 4351 1315 4456 Macedones,
1337 4355 1451 4434 eiiam
1466 4343 1603 4462 spolia.

1265 4507 1269 4514 ·
1408 4512 1414 4530 ι
1508 4489 1602 4554 mres

309 4613 452 4692 s)lbid.
478 4612 516 4677 rs
541 4624 623 4691 tr·-
627 4629 699 4692 a,
