4500 5812
1378 236 1397 311 s

452 451 930 544 unsarans.
995 375 1505 548 rnunnraa
1624 461 1708 558 331'

362 609 540 726 Inspesiar
559 623 661 718 (a),
683 628 869 710 aniame,
891 619 1042 719 proprio
1057 616 1160 694 sensu
1178 609 1412 726 Episcopum,
1435 615 1504 696 fine
1526 618 1602 715 ejus
1615 614 1680 716 dig
1704 614 1818 754 gnara.
1867 709 1870 718 A

302 738 424 816 nitatis
446 743 585 829 vuum,
612 737 683 841 qui
700 745 822 816 ornati
848 738 946 837 apud
963 735 1183 816 Christianos
1198 739 1275 836 ipso
1296 736 1370 816 hoc
1387 735 1557 836 Episcopi
1572 715 1782 850 nomi-„¹5”
1809 721 1867 770 Μ·

239 887 242 892 ·
296 880 344 933 ne
363 855 446 934 dissi
469 858 551 934 sunt
573 849 652 962 (b),
681 853 863 956 significat.
911 853 962 934 Ea
979 869 1099 932 autern
1113 849 1270 934 Ecclefia
1285 854 1519 934 universalem
1540 849 1690 956 Episco-

296 987 423 1074 patum
444 973 509 1050 fibi
528 975 697 1052 vindicat
1166 1067 1169 1072 Δ
1402 1046 1407 1054 .
1671 1053 1674 1060 ,

355 1087 434 1172 Ore
459 1092 520 1170 hic
542 1089 740 1193 Episcopus
753 1087 917 1189 Regibus
931 1090 968 1166 δι
985 1089 1132 1191 populis
1147 1090 1208 1168 dat
1222 1089 1321 1188 leges
1335 1101 1519 1190 tamquam
1541 1087 1684 1172 Orneu-

297 1205 330 1284 sa
341 1231 353 1302 ;
379 1224 525 1309 arrogat
543 1208 629 1302 fibi,
652 1205 755 1312 qubd
774 1231 850 1286 non
865 1205 973 1308 poffir
987 1208 1083 1298 salsi,
1114 1211 1151 1285 δε
1176 1230 1416 1309 quaecumque
1429 1212 1680 1306 pronunciet,

296 1327 340 1402 iis
355 1330 472 1434 teneri
494 1327 697 1406 universum
719 1340 893 1408 terrarum
906 1327 1168 1405 orbemdocet.
1200 1327 1312 1428 Atqui
1328 1323 1403 1418 hoc
1425 1325 1475 1402 est
1498 1320 1683 1406 Prosetan'r

224 1519 227 1526 ,
298 1440 366 1520 esse
391 1443 536 1523 summo
555 1446 680 1544 gradu.
1663 1461 1668 1470 '

286 1620 293 1636 Ι
355 1561 496 1640 ottavo
517 1563 657 1642 Saeculo
670 1622 680 1654 ,
702 1559 942 1641 Exarcbatum
957 1558 1159 1650 Ravenna,
1180 1559 1350 1659 Regnum
1366 1549 1684 1662 Langobardorum

109 1641 113 1650 ⁴
160 1693 181 1711 ⁸
295 1676 497 1758 &Senatus
513 1675 737 1783 Duca‘tmque
758 1675 1002 1756 Romanorum
1030 1679 1246 1779 potestatem
1266 1677 1445 1764 evellens,
1468 1675 1532 1753 srbi
1558 1678 1685 1758 Patri-

293 1795 450 1873 monium
468 1793 632 1878 Peras
661 1797 872 1899 adquisrvit,
897 1793 1039 1898 eoque,
1056 1809 1098 1872 ut
1116 1798 1289 1897 politicus
1312 1793 1484 1896 Princeps
1507 1791 1579 1872 sive
1602 1795 1683 1876 Rex

294 1908 374 2010 (b),
396 1913 454 1992 vel
468 1937 583 1994 cornu
599 1927 732 2017 quartae
747 1915 887 2004 bestiae,
910 1913 1116 1992 exsurrexit.

270 2089 273 2099 .
351 2028 394 2110 In
418 2036 556 2132 exiguo
581 2034 705 2124 libra,
744 2027 841 2110 Pari
855 2032 898 2107 ris
929 2031 1097 2132 impresso
1129 2030 1168 2107 A.
1194 2028 1234 2108 C.
1271 2045 1407 2124 1689,
1438 2035 1498 2110 cui
1526 2032 1650 2112 titulus
1665 2060 1674 2110 :
1690 2041 1852 2120 ,Quomodo

297 2135 517 2256 Differtaria
543 2143 727 2258 Historica
758 2147 801 2227 de
828 2143 1042 2254 quibusdam
1073 2155 1229 2226 nummis
1254 2147 1464 2228 Cnaour
1497 2139 1648 2254 Magni
1660 2211 1671 2242 ,
1686 2123 1857 2274 {wa

290 2262 565 2348 Luuovrcr
596 2265 1015 2374 pii‚L0rr1ra11,
1051 2253 1521 2372 raramquesucaeffirurn,
1556 2263 1703 2348 Romae
1727 2287 1830 2356 decem

290 2405 338 2460 cu
355 2407 405 2473 rs,
431 2400 593 2463 narratur
611 2383 757 2466 Leon
772 2410 785 2460 r
801 2412 816 2461 s
830 2381 884 2462 X.
905 2383 1007 2484 Papae
1024 2385 1249 2484 temporibus
1271 2380 1499 2482 superfuisse,
1519 2387 1617 2465 acad
1631 2387 1673 2464 il-
1689 2369 1824 2510 ⁰⁰¹¹fpb¹i⁸

290 2501 370 2577 lum
392 2502 501 2603 usque
526 2503 624 2579 diem
650 2503 927 2601 uniuscujusque
953 2502 1159 2600 conspeitui
1180 2499 1381 2601 expositam
1400 2500 1671 2602 inscriptionem
1686 2465 1820 2594 {guarseffi

288 2619 329 2696 in
355 2618 537 2697 honorem
560 2618 749 2696 Prarnr
772 2622 835 2721 qui
854 2619 995 2700 Cano
1011 2643 1057 2695 er
1081 2611 1235 2728 Magni
1252 2621 1320 2695 fuit
1342 2631 1468 2718 pater,
1486 2619 1580 2700 hisce
1595 2645 1672 2699 ver·
1685 2611 1827 2753 irnperio·

289 2735 344 2812 bis
368 2749 584 2836 conceptam
602 2763 610 2811 ε
627 2738 681 2816 P1
698 2761 718 2814 r
733 2764 747 2815 1
763 2761 789 2812 n
804 2763 827 2814 u
840 2762 871 2814 ra
889 2735 993 2842 pium
1001 2725 1302 2844 primnmfiaiffe‚
1331 2735 1397 2838 qm·
1411 2731 1671 2844 amplificanda
1697 2690 1851 2761 ”mem

288 2844 453 2958 Ecclesia
470 2848 634 2934 Romarm
662 2854 767 2932 viam
786 2859 997 2960 aperuerit,
1019 2847 1253 2930 Exarchatu
1279 2846 1567 2942 Rauennate&
1588 2857 1671 2966 psu-

288 2969 391 3048 rirnis
407 2970 491 3048 asiis
505 2968 644 3060 ablatis.
689 2969 783 3075 jam,
799 2974 1059 3072 imperantibus
1083 2971 1117 3048 G
1131 2995 1226 3046 aar
1241 2996 1254 3046 1
1269 2995 1294 3046 a
1308 2995 1334 3048 u
1351 2993 1374 3046 0
1392 2972 1429 3046 δι
1442 2970 1512 3048 Tar
1526 2997 1618 3052 sou
1630 3001 1671 3052 o·

288 3111 395 3179 nro,
426 3090 462 3166 &
482 3093 729 3190 primatiam,
752 3087 939 3191 splendide
955 3092 1086 3187 agebat
1110 3081 1290 3164 Romanus
1303 3085 1525 3187 Episcopus,
1545 3088 1670 3170 verium

286 3205 546 3296 donationibus
570 3223 817 3288 matronarum
833 3201 1102 3295 Romanarum,
1128 3218 1170 3284 ut
1198 3205 1344 3282 testatur
1372 3206 1447 3283 Am
1463 3230 1494 3282 ra
1509 3231 1524 3282 1
1538 3233 1561 3284 n
1575 3233 1601 3284 n
1615 3235 1669 3287 us

289 3315 366 3430 (c).
411 3323 498 3404 Post
532 3326 665 3404 borum
696 3329 888 3427 imperium
914 3319 1066 3402 Italiam
1093 3323 1252 3402 Barbarae
1284 3318 1417 3398 Gentes
1436 3325 1667 3416 invaserunt,

285 3463 356 3520 nec
378 3441 477 3542 pribs
503 3467 543 3520 ea
568 3443 741 3522 molestiis
763 3445 911 3522 liberata
935 3443 1009 3538 est,
1029 3440 1139 3543 quim
1164 3435 1480 3543 Langobardorum
1497 3439 1669 3543 Regnum

287 3560 585 3660 exstingueretur.
619 3558 841 3651 Certissima,
873 3555 973 3661 quod
1003 3558 1228 3638 Patrimonio
1253 3556 1349 3634 Petri
1373 3561 1490 3660 potita
1518 3562 1591 3646 est,
1620 3573 1673 3637 at-

285 3700 357 3777 que
381 3677 427 3756 ad
448 3679 538 3756 iilud
557 3735 567 3766 ,
587 3670 663 3779 quo
685 3679 819 3756 deinde
844 3675 950 3754 evasit
975 3675 1176 3774 fastigium,
1207 3675 1327 3753 evena
1345 3671 1506 3776 Romana
1534 3675 1667 3766 Sedes,

284 3795 386 3874 causa
422 3797 491 3873 suit
512 3793 618 3895 ipfius
650 3797 795 3874 nistoria
814 3794 866 3872 de
893 3789 1105 3870 Graecorum
1127 3794 1350 3892 Imperatore
1378 3851 1388 3882 ,
1427 3793 1445 3868 s
1457 3789 1669 3898 argobardo-

284 3933 371 3988 rum
397 3909 524 4012 Rege,
549 3937 591 3990 ac
619 3905 761 4004 Senatu
786 3911 956 3991 Romano
986 3911 1104 3989 relata.
1150 3911 1243 3990 Fron
1267 3911 1317 3986 est
1341 3911 1491 3990 donatio
1522 3912 1665 3991 Consl
1681 3885 1847 4030 gjnedfflu'·

285 4053 385 4107 Tan
401 4055 524 4108 arur
555 4021 713 4130 Magni,
745 4029 866 4108 fissum
889 4029 1016 4106 itidem
1043 4023 1355 4132 Langobardorum
1383 4025 1524 4126 Regem
1553 4030 1770 4122 Aur-eona
1802 4055 1846 4122 nr,

284 4171 337 4224 aa
352 4173 377 4224 a
390 4167 453 4225 Tu
465 4174 495 4226 rr
508 4149 612 4248 Papae
636 4145 780 4227 donaffe
799 4139 939 4228 Careias
955 4146 1088 4246 Alpes,
1106 4151 1243 4256 qnippe
1265 4145 1321 4222 hae
1339 4145 1438 4224 susre
1458 4170 1538 4247 pars
1552 4143 1646 4224 Exar
1677 4132 1814 4276 {3⁸35}

281 4263 409 4344 charos
434 4259 740 4372 Ravennareifi53
767 4265 894 4368 eisque
922 4265 1181 4364 Aarauarr
1205 4265 1430 4364 temporibus
1465 4263 1665 4364 imperator
1728 4231 1747 4296 P
1793 4252 1827 4292 '⁸'

283 4376 438 4464 Gratus
463 4384 673 4487 possrdebat.

344 4498 581 4580 Invocatione
608 4516 841 4580 mortuorum
866 4495 1067 4606 eorumque
1096 4504 1297 4602 imaginum
1321 4502 1421 4580 cultu
1448 4525 1512 4602 per
1532 4501 1663 4603 gradus
1678 4490 1768 4571 Epire.

282 4621 320 4696 in
344 4615 537 4697 Ecclesram
553 4619 786 4710 introdustis,
804 4619 949 4697 Saeculis
965 4636 1119 4724 quarto,
1139 4626 1293 4721 quinto,
1312 4621 1425 4710 sexto,
1444 4617 1480 4702 &
1496 4615 1660 4724 septimo,
1679 4575 1844 4735 fflffigss.

332 4844 483 4934 (⁴)sngl.
506 4847 658 4927 sorssors
697 4844 742 4924 (b),
768 4849 792 4907 Α
816 4842 965 4930 samsoni
982 4737 1239 4930 trinssfrtanzg.
1281 4845 1325 4934 (r)
1342 4845 1426 4914 Libro
1437 4845 1565 4932 mus
1578 4738 1665 4820 hum
