4500 5812
410 417 874 515 OBSERVAT.
920 417 1008 512 IN
1061 413 1408 514 DANIEL'
1576 449 1762 612 mm

263 573 484 678 subjectione
521 574 632 659 erasit
659 603 814 686 parvum
842 579 932 660 illud
968 603 1084 660 cornu
1110 577 1228 659 bestiae
1261 592 1405 682 quartae
1467 573 1523 660 Eo
1553 549 1762 692 quodfflf

263 694 405 774 Peru
420 713 476 774 u·s
506 695 633 782 dextrd
664 696 770 802 Papa
794 699 909 788 tradit
930 696 1107 791 Palliunr,
1128 695 1262 788 sinistra
1282 694 1372 788 verd
1396 693 1503 788 Urbis
1533 703 1719 780 verris-rm.

262 814 342 893 lum
363 812 454 913 Reg'
419 837 480 904 σ,ι
512 839 582 894 nec
610 839 688 893 non
711 813 850 919 qudd
839 841 876 894 ιιι
895 817 1126 919 inscriptione
1148 813 1253 916 Papae
1277 812 1378 917 prius
1397 813 1508 919 quam
1533 815 1646 919 Regis

264 930 327 1010 fiat
348 934 517 1022 mentio,
542 931 699 1033 intelligi
721 947 830 1038 queat
855 933 991 1038 Papam
1015 947 1095 1016 turn
1116 922 1293 1036 temporis
1324 932 1547 1052 superiorem
1572 935 1643 1028 Re·

264 1043 371 1153 gibus
399 1047 499 1128 fuisse
528 1050 703 1127 habiturn.

348 1164 434 1244 Post
458 1180 617 1244 mortem
642 1166 834 1248 Cruotr
861 1166 1021 1270 Magni,
1047 1168 1156 1272 ipsius
1179 1167 1272 1248 filius
1298 1169 1338 1245 ἀ
1363 1128 1539 1250 successor
1557 1169 1643 1252 Lu·

264 1303 491 1364 novrcus
519 1280 635 1382 Pius,
666 1282 762 1389 Papi
792 1301 967 1390 rogante,
1000 1287 1219 1367 donationes
1250 1287 1390 1368 abavo
1425 1290 1463 1367 dr
1488 1304 1641 1406 parente
1707 1365 1755 1398 ,Ἥ

265 1399 434 1484 Romane
450 1400 523 1479 sedi
546 1403 651 1482 fadtaa
675 1401 905 1488 confirmavit
930 1398 1000 1510 (a).
1041 1403 1126 1504 Ejus
1150 1429 1301 1512 quoqpe
1324 1407 1367 1494 io
1392 1397 1640 1498 confirmatio·

265 1525 322 1600 nis
347 1519 609 1610 instrumento,
639 1523 762 1621 primo
780 1522 868 1603 loco
896 1525 1123 1602 mentionem
1146 1524 1234 1617 iacit
1258 1505 1387 1609 Roma
1411 1507 1639 1628 Romanique

264 1635 454 1728 Ducatus,
482 1641 522 1716 in
546 1631 748 1722 Etruriam
772 1640 884 1742 usque
912 1643 950 1718 dr
974 1631 1216 1748 Campaniam
1229 1639 1389 1724 extensi:
1416 1643 1501 1724 dein
1530 1641 1639 1725 Exar-

265 1753 392 1838 chatds
420 1747 713 1862 Ravennarensts
740 1758 778 1834 &
802 1754 1056 1863 Pentapoleor3
1081 1761 1218 1846 tertio,
1241 1758 1425 1861 denique,
1454 1761 1639 1852 ditionum
1690 1813 1693 1818 -

264 1867 514 1978 Langobardis
537 1887 752 1974 ereptarum.
811 1873 901 1960 Hec
936 1879 1003 1958 tria
1029 1889 1154 1967 erant,
1187 1898 1267 1978 qua
1298 1870 1513 1976 subegerat,
1543 1876 1641 1982 quas

263 1989 497 2095 Imperatoris
515 2004 635 2068 autem
661 1991 768 2075 feuda
792 2009 833 2070 ea
856 1992 1069 2106 possessurus
1088 2005 1163 2074 erat
1177 1995 1218 2072 in
1239 1994 1342 2081 usum
1368 1991 1534 2077 Ecclestae
1542 1987 1639 2107 ,sub

265 2110 330 2190 int
327 2107 502 2214 griratr,
540 2108 579 2184 id
607 2109 682 2204 est,
705 2108 867 2210 integrd,
902 2114 951 2190 ita
977 2126 1019 2189 ut
1044 2112 1207 2212 ipsorum
1233 2109 1552 2204 administrationi,
1569 2118 1640 2212 rtet

264 2227 525 2331 jurisdictioni,
555 2225 613 2302 vel
639 2225 839 2306 auctoritati
865 2227 1005 2329 Papae
995 2251 1033 2306 rn
1067 2226 1166 2316 illis,
1191 2227 1418 2329 Imperator,
1441 2253 1545 2328 non,
1574 2205 1640 2310 nisi

265 2347 372 2428 certis
399 2347 436 2422 in
459 2341 594 2423 cafibus
619 2359 791 2434 vocatus,
806 2347 886 2425 sese
908 2349 1165 2448 interponeret
1211 2343 1337 2424 Hac'
1325 2371 1367 2430 ru
1395 2347 1642 2432 confirmatio-

266 2491 313 2545 ne
337 2461 570 2564 iureiurando
586 2458 626 2536 se
649 2462 1168 2544 obstrinxitLunovrcus
1215 2462 1327 2552 Inde,
1355 2476 1396 2552 ut
1414 2464 1496 2550 Rex
1519 2455 1644 2570 Ostro-
1680 2525 1682 2531 ,

259 2579 478 2690 gordorun,
509 2581 546 2655 in
571 2573 736 2676 fignunr,
762 2577 865 2682 qudd
888 2580 1060 2680 Regnum
1087 2582 1220 2662 suum
1209 2605 1248 2658 ιιι
1271 2579 1387 2664 stasid
1416 2580 1648 2683 permissione

270 2697 393 2780 Graeci
419 2695 651 2799 imperatoris
672 2697 912 2796 gubernaret,
939 2699 1046 2798 hujus
1072 2696 1192 2800 effigie
1207 2700 1252 2780 ab
1276 2667 1350 2779 und
1375 2712 1498 2800 parte,
1520 2697 1579 2778 sud
1591 2701 1645 2792 ab

267 2815 400 2906 alters,
421 2835 594 2896 nummos
616 2811 698 2892 suos
723 2812 908 2914 signabat3
931 2815 1057 2894 eddam
1085 2821 1226 2900 ratione
1252 2815 1351 2897 idem
1374 2817 1420 2896 de
1445 2817 1647 2918 imperato-
1726 2863 1729 2870 «
1815 2811 1817 2814 ’
1903 2886 1907 2900 ,

268 2963 306 3016 re
328 2933 543 3017 Occidentis
563 2929 779 3030 agnoscebat
793 2933 899 3035 Papa.
957 2931 1031 3014 Hic
1049 2938 1146 3014 enirn
1168 2938 1427 3042 jam-occoepit
1453 2938 1648 3036 pecuniam

267 3055 428 3157 signare,
448 3043 753 3150 inveniuntdrque
781 3075 829 3130 ex
856 3053 931 3129 hoc
959 3067 1125 3156 tempore
1152 3045 1308 3130 Romani
1335 3057 1479 3130 nummi
1505 3053 1548 3148 ab
1574 3052 1646 3142 und

257 3188 370 3275 parte
392 3170 520 3268 signati
541 3163 661 3266 effigie
682 3163 947 3269 imperatorum
962 3167 1101 3250 Caro
1115 3193 1165 3246 nr
1194 3165 1347 3267 Magni,
1376 3165 1485 3248 Lun
1499 3193 1559 3260 ov
1572 3193 1644 3256 ιρι

217 3375 218 3382 g
269 3285 689 3388 Pii‚Loruru11,
720 3282 947 3389 eorquue,
970 3290 1034 3389 qui
1068 3289 1124 3370 his
1156 3283 1424 3380 successurum
1461 3289 1506 3366 ab
1534 3283 1644 3366 alters

269 3423 391 3487 autem
419 3405 653 3508 inscriptione
675 3398 805 3504 Papae:
831 3402 943 3506 idque
972 3405 1200 3508 permultos
1228 3427 1353 3484 annos.

334 3630 653 3711 (ouonfirnatonen
675 3626 775 3694 unsar
796 3631 929 3714 Sigonius
993 3627 1077 3692 Libro
1090 3645 1119 3704 4.
1138 3627 1276 3716 deregno
1295 3585 1437 3698 remeas
1453 3629 1641 3698 annornm.
1767 3608 1770 3615 ¹
