4468 5814
351 386 353 388 ’
477 451 777 541 animan.
823 391 1316 578 rnonrrnrar.
1364 450 1443 547 oe.
1617 486 1700 564 277
1829 426 1832 432 ’

303 624 414 710 ιιιιιι,
443 600 559 714 quod
577 635 701 690 meum
722 612 838 690 fateor
875 614 913 686 in
938 607 1018 688 mea
1048 608 1233 712 Epistola,
1266 610 1375 714 seque
1404 613 1607 714 persuasum
1635 615 1697 695 ha·

302 733 412 818 bere,
437 725 538 831 qudd
564 729 747 830 Scriptum
763 730 828 806 fibi
848 732 1159 808 communicatum
1183 731 1412 831 desumptum
1438 729 1554 810 suerat
1572 758 1620 810 ex
1631 735 1697 812 illo
1758 789 1763 797 -
1856 769 1858 776 ·

297 849 408 950 ipso,
430 847 530 950 quod
558 846 688 926 Amico
714 847 944 935 tradideram,
966 846 1053 924 huic
1082 845 1407 926 scilicetFamiliari
1431 871 1537 938 meo,
1556 850 1695 954 dequo

293 966 340 1042 in
355 966 467 1066 supra
492 961 603 1042 relata
623 962 793 1065 Epistoli.
761 962 983 1044 ttdcirco
996 963 1197 1068 Scriptum
1223 968 1256 1042 ei
1284 969 1595 1045 communicatum
1613 967 1696 1071 per-

289 1084 444 1161 tinebat
480 1083 525 1159 ad
561 1077 743 1160 Abbatern
780 1081 940 1162 Conrr
982 1057 1158 1182 Nobilem
1191 1075 1379 1160 Venatum
1410 1108 1510 1162 nunc
1533 1077 1696 1166 Lutetia

285 1193 531 1306 Parfiorum
564 1201 768 1300 degentem
819 1200 874 1278 Ab
901 1199 1018 1287 illo,
1024 1223 1111 1276 cum
1139 1203 1177 1278 in
1209 1193 1349 1304 Angltt
1382 1201 1466 1280 esset
1500 1218 1583 1280 ante
1621 1204 1689 1283 hor

282 1317 439 1419 septem
461 1341 607 1406 annos,
643 1317 769 1395 didici
786 1303 977 1405 Amicum,
1011 1316 1055 1394 de
1080 1342 1156 1419 quo
1179 1318 1312 1418 supra,
1341 1343 1399 1395 me
1424 1321 1560 1422 alloqui
1583 1322 1685 1399 velle.

281 1429 374 1514 Hic
400 1450 523 1513 autem
551 1434 698 1536 petebat
723 1436 935 1535 exemplum
971 1457 1092 1510 earum
1122 1458 1263 1524 rerum,
1294 1459 1374 1536 quae
1400 1433 1445 1513 de
1476 1437 1687 1516 Chronolo-

278 1553 359 1650 gia
396 1551 610 1653 scripseram.
673 1551 860 1652 Respondi
893 1550 970 1628 haec
999 1549 1067 1626 esse
1106 1553 1310 1654 impersetta
1347 1556 1384 1634 δι
1422 1553 1595 1643 confusa,
1625 1555 1686 1634 sed

215 1747 224 1752 ,
275 1691 358 1748 me
386 1674 510 1770 paucis
534 1666 660 1748 diebus
689 1667 932 1747 Summarium
957 1662 1136 1747 conficere
1164 1666 1283 1770 posse,
1323 1667 1453 1750 {irem
1481 1696 1612 1752 arcano
1631 1686 1684 1752 te-

273 1811 385 1886 gere
404 1787 521 1866 vellet.
578 1787 810 1900 Aliquamdiu
845 1783 1050 1888 pdstillud
1077 1787 1248 1888 perfeci,
1276 1783 1433 1890 crimque
1462 1787 1610 1870 Amicus
1644 1791 1683 1870 id

271 1903 486 2005 accepisset
510 1962 540 1993 ,.
560 1906 701 2007 optavit
718 1962 739 2018 ,²
778 1919 819 1983 ut
843 1904 968 1982 liceret
992 1905 1201 2006 exemplum
1228 1905 1387 2002 ejusdem
1427 1907 1511 1984 dare
1538 1904 1683 1987 Abbati
1818 1918 1820 1925 “

273 2022 489 2116 Coram
520 2021 582 2100 hic
602 2048 696 2100 unus
721 2022 828 2122 hujus
840 2021 1035 2100 Summarii
1049 2022 1260 2123 exemplum
1274 2023 1447 2123 habebat,
1479 2048 1549 2103 nec
1570 2030 1679 2126 igno·

271 2143 397 2218 rabat
428 2163 503 2218 rem
536 2139 676 2217 filontio
704 2141 938 2239 premendam
964 2135 1057 2226 eise,
1082 2137 1188 2239 seque
1217 2128 1291 2216 ho'c
1317 2139 1446 2218 Amico
1466 2157 1618 2242 rogante
1637 2169 1679 2222 ac

270 2279 355 2335 me
388 2259 620 2358 permittente
648 2257 859 2356 exemplum
888 2255 1080 2349 obtinere3
1116 2258 1153 2333 &
1174 2256 1323 2357 quidem
1348 2256 1524 2358 promissis
1552 2260 1681 2340 mansit
1819 2287 1822 2292 ·

271 2371 510 2478 quamdin
500 2401 538 2452 ιιι
567 2367 708 2478 Angtit
735 2388 892 2452 moratus
926 2373 984 2448 est.
1041 2371 1209 2450 Attamen
1235 2373 1375 2462 idem,
1418 2399 1538 2476 neque
1570 2375 1676 2458 ame

273 2515 416 2594 neque
445 2493 489 2570 ab
515 2491 646 2570 Amico
678 2481 866 2592 impetrata
893 2490 1017 2579 venia,
1048 2491 1212 2590 exempla
1229 2515 1296 2591 per
1321 2485 1484 2568 Galliam
1504 2493 1673 2587 diffudit,

274 2595 501 2689 subornavit
535 2609 813 2712 Antiquariom,
844 2621 884 2686 ιιι
916 2607 1081 2692 libellum
1110 2608 1210 2686 hunc
1237 2601 1377 2685 Gallico
1411 2610 1588 2690 sermone
1607 2614 1678 2692 do·

280 2738 414 2815 naret,
446 2751 489 2805 ac
517 2752 554 2804 re
558 2728 710 2821 futaret3
744 2725 975 2828 Antiquarius
1009 2740 1132 2820 autem
1164 2723 1184 2803 Ι
1220 2724 1474 2828 Typngrapho
1511 2731 1674 2830 quodam

165 2873 166 2880 ¹
282 2846 531 2945 impetravit,
571 2859 612 2922 ut
645 2845 750 2922 illum
782 2842 832 2921 fic
866 2843 1022 2940 versum,
1053 2845 1090 2920 dr
1122 2841 1351 2922 confutatum
1376 2845 1530 2939 ederet3
1570 2852 1674 2948 cujus

286 2965 341 3038 rei
374 2961 545 3040 saciendae
578 2957 734 3039 veniam
756 2959 777 3040 Ι
801 2985 862 3038 me
888 2962 1058 3055 'obtinere
1092 2974 1242 3038 conatus
1274 2963 1324 3038 est
1362 2959 1667 3065 Typographus,

290 3085 353 3180 qui
374 3091 496 3156 tamen
515 3103 635 3181 neque
662 3078 755 3157 misrt
773 3080 985 3178 exemplum
1001 3135 1011 3166 ‚
1029 3091 1068 3154 ut
1080 3078 1264 3176 legerem,
1292 3101 1412 3178 neque
1434 3079 1559 3157 didicit
1574 3083 1668 3182 quis·

291 3220 376 3286 nam
406 3194 586 3285 vernffet,
622 3221 742 3301 neque
775 3196 948 3276 indicarit
966 3194 1035 3278 ,sibi
1065 3191 1294 3295 propositum
1322 3192 1390 3272 effe
1426 3195 1480 3272 illi
1518 3200 1671 3298 jungere

295 3313 614 3404 Confutationem,
639 3319 797 3394 coinon
821 3310 1105 3411 responderam,
1135 3313 1171 3388 &
1197 3333 1308 3413 quam
1328 3314 1551 3410 ignorabam.

374 3429 560 3510 Versronis
593 3431 725 3511 Antior
749 3435 842 3509 circa
865 3430 1008 3506 suarum
1031 3428 1339 3509 Observationum
1364 3429 1475 3508 finem
1490 3435 1561 3528 ait3
1592 3429 1664 3524 Ea,
1796 3436 1800 3443 ’

293 3541 370 3650 qn'ae
394 3550 471 3626 dixi
495 3550 541 3626 de
574 3543 878 3654 Argonautarum
903 3537 1047 3654 Epocdd
1075 3605 1086 3634 ,
1120 3547 1226 3624 &de
1252 3539 1537 3626 Generationum
1563 3549 1668 3628 dura·
1748 3635 1751 3642 Δ

290 3669 390 3744 tione
426 3664 621 3755 sufficiunt,
656 3671 825 3768 opinor,
865 3679 905 3743 nt
933 3663 1082 3766 quisque
1115 3659 1253 3766 reliqua
1278 3663 1381 3744 cauti
1411 3667 1517 3765 legat.
1578 3665 1668 3746 Haec

289 3787 388 3862 enim
417 3783 497 3861 sunt
524 3785 599 3861 duo
629 3783 900 3874 Fundamenta,
923 3783 1053 3882 quibus
1082 3793 1205 3858 totum
1231 3785 1396 3860 innititur
1420 3805 1560 3860 novum
1591 3784 1665 3862 hoc

285 3902 549 4001 chronologiae
577 3900 746 4003 Systema.
807 3899 900 3994 Quae
925 3899 1013 3976 dicit
1031 3900 1077 3976 de
1101 3893 1406 4002 Argonautarum
1441 3890 1584 4005 Epochd
1608 3919 1667 3978 to·

282 4034 319 4098 ta
347 4032 535 4097 vertuntur
559 4020 687 4108 insen,
712 4017 813 4121 quod
840 4016 953 4095 asserit
971 4040 1030 4094 me
1058 4014 1207 4092 statuisse
1230 4015 1500 4118 AEquinottium
1523 4017 1570 4094 ad
1594 4015 1665 4096 Ex·

280 4137 480 4240 peditionis
511 4129 767 4240 Argonautica
791 4150 955 4236 tempora
985 4137 1022 4208 in
1050 4133 1236 4210 decimum
1267 4139 1435 4234 quintum
1458 4131 1664 4213 Graduma

281 4253 403 4357 prima
430 4249 572 4332 Arietis
597 4252 725 4332 Stella:
766 4251 845 4352 Ego
858 4269 980 4330 autem
1005 4250 1094 4326 illud
1119 4250 1233 4327 statuo
1256 4254 1294 4326 in
1324 4249 1529 4329 meditullio
1549 4251 1664 4331 Cons-

281 4373 501 4460 tellationis,
526 4371 627 4472 quod
654 4397 731 4449 non
761 4371 872 4447 estin
899 4357 1044 4448 decimo
1073 4369 1205 4466 quinto
1238 4358 1362 4446 Gradu
1386 4369 1407 4446 Ι
1429 4368 1544 4468 primi
1567 4369 1662 4448 Stel-

282 4489 318 4568 ΙΙ
343 4482 489 4564 ΑνίειΙ.
548 4488 728 4567 Concedit
743 4486 1041 4565 Consteliationes
1058 4481 1232 4561 distinctas
1252 4483 1350 4562 fuisse
1368 4482 1388 4562 Ι
1409 4483 1478 4563 Cn
1493 4510 1505 4560 1
1520 4510 1659 4578 noran,

268 4602 440 4687 Solstitia
481 4604 774 4707 &AEqunoon
807 4603 942 4686 ruine
931 4627 970 4680 ιιι
1008 4600 1334 4684 Constellationunr
1363 4601 1594 4691 meditullio,
1623 4606 1662 4682 da

964 4717 1010 4801 M
1031 4743 1070 4798 m
1117 4743 1136 4810 3
1509 4717 1666 4832 Euo03
