5092 5906
656 365 657 368 ¹
746 445 795 535 38
1027 425 1535 521 OPUSCULUM
1591 427 1799 518 xxrrt.

562 569 668 676 m·
695 568 719 642 ¹³
748 577 1067 707 Has'carnaffenfi’
1093 597 1153 690 (h)
1187 595 1319 678 dicitur
1349 595 1441 674 nulli
1473 591 1775 694 Genealogorum
1804 595 1990 683 secundus.
2039 592 2141 678 Eri}

608 765 610 768 -
749 707 997 804 uaniora,
1029 739 1108 792 non
1137 711 1380 816 Philosophus
1412 715 1499 804 ille,
1527 714 1588 792 sed
1625 715 1713 791 alter
1740 711 1966 806 Historicus,
2001 717 2140 819 scripsit

747 835 857 906 etiam
887 833 933 912 de
959 836 1138 916 veteribus
1163 832 1421 933 Genealogiis:
1452 835 1491 908 ἃ
1517 831 1871 924 Haturnrcus,
1908 837 1971 938 qui
1998 835 2139 913 duode-

747 952 820 1026 cim
849 973 963 1028 annos
1001 967 1087 1028 natu
1119 956 1235 1050 major
1264 967 1374 1040 erat,
1405 948 1516 1054 quhm
1555 949 1896 1042 Hunouo‘rus,
1939 951 2138 1038 Historiam

745 1065 844 1144 suam
875 1068 1017 1167 digessit
1048 1095 1114 1170 per
1154 1069 1291 1148 AEtates
1327 1069 1395 1146 ‘aut
1436 1067 1683 1148 Succesliones
1718 1069 1954 1149 Sacerdotum
1990 1069 2137 1174 Jouo-

596 1225 598 1235 ·
744 1209 823 1262 urs
851 1181 1017 1290 Argivae.
1081 1188 1152 1266 Alii
1168 1187 1280 1264 secuti
1298 1187 1379 1266 sunt
1400 1187 1569 1266 ordinem
1594 1187 1824 1268 archontum
1848 1181 2133 1294 Athenienfium,
2208 1197 2214 1204 ’

744 1319 807 1386 aut
836 1305 983 1403 Regum
1019 1303 1368 1390 lacedmniorum.
1429 1304 1639 1384 Hirmas
1677 1298 1798 1386 Elaeur
1826 1305 1941 1385 edidit
1970 1305 2139 1386 Summa-a

745 1425 841 1500 tium
871 1421 1137 1527 Olynrpsadum
1173 1424 1276 1526 quod
1310 1439 1432 1508 tamen
1468 1423 1563 1506 malt
1592 1425 1703 1504 firmis
1728 1424 1972 1503 fundamentis
2002 1427 2135 1504 innite-

745 1541 850 1618 batur
869 1600 879 1630 ,
899 1557 940 1619 ut
958 1559 1085 1620 monet
1104 1541 1197 1622 Pau
1210 1567 1235 1618 a·
1249 1570 1271 1620 r
1285 1567 1379 1620 nen
1391 1568 1441 1633 us
1457 1543 1468 1633 s
1482 1540 1497 1619 l
1509 1536 1549 1645 ):
1568 1543 1732 1644 Scriptor
1750 1543 1812 1622 hic
1825 1542 2134 1622 vivebatcentefi·

744 1659 805 1741 mal
831 1657 958 1768 quintd
986 1659 1237 1772 Olympiade,
1269 1663 1306 1740 te
1340 1661 1471 1740 derisui
1510 1661 1580 1742 fuit
1610 1659 1832 1740 Ptnnonr
1870 1662 1920 1738 ob
1955 1661 2163 1766 inscitiam·

742 1775 853 1860 suam,
917 1775 1004 1865 Hoc
1030 1779 1274 1862 Summanum
1295 1779 1389 1864 nihil
1421 1779 1565 1856 videtur
1594 1776 1716 1870 fuisse,
1745 1775 1811 1855 nisr
1844 1779 1961 1857 brevic
1987 1778 2133 1857 Catalo-

743 1919 813 1995 gus
834 1905 988 1987 eor'um,
1017 1901 1080 2002 qus
1107 1893 1266 1999 palmam
1281 1912 1487 1978 meruerant
1510 1895 1657 1996 singulis
1686 1894 1981 1999 olympiadibus.
2016 1894 2132 1974 Dein-

744 2011 791 2091 de
827 2019 897 2110 (m)
928 2013 1163 2100 Ernoaus
1193 2015 1475 2096 Isocuaars
1505 2013 1662 2094 Auditor
1695 2015 1932 2092 concinnavit
1959 2011 2132 2094 Chrono-
2251 2011 2257 2018 ’

743 2129 905 2230 logicam
939 2127 1090 2210 Graenae
1116 2130 1337 2226 Historiam,
1374 2139 1476 2236 cujus
1506 2135 1651 2230 initium
1680 2133 1725 2208 ab
1765 2124 2056 2212 Heracleotarum
2092 2134 2130 2210 in

743 2237 1016 2360 Peloponnefiam
1038 2249 1189 2350 reditu,
1219 2250 1299 2328 sinis
1329 2265 1450 2330 autem
1474 2251 1551 2328 e'rat
1578 2252 1623 2327 ad
1658 2245 1826 2352 Perinthi
1858 2247 2126 2338 obsidionem,

743 2389 825 2468 quae
849 2371 981 2451 accidit
1000 2393 1097 2450 anno
1122 2367 1294 2448 uicesimo
1312 2367 1552 2452 aornim
1574 2371 1682 2470 patris
1701 2369 1994 2444 Aonxnuour
2021 2365 2130 2464 Mag-

742 2489 805 2576 ni,
841 2489 931 2564 idest
961 2509 1058 2565 anno
1098 2501 1181 2564 ante
1210 2479 1393 2590 Perfiaum
1419 2488 1618 2586 Imperium
1654 2485 1871 2564 destrutlum
1902 2484 2125 2562 undecimo:

740 2591 803 2681 sed
831 2606 893 2682 hic
921 2607 982 2700 (n)
1008 2619 1174 2704 tempora
1193 2631 1258 2707 per
1277 2591 1539 2684 Generationes
1563 2605 1761 2691 distribuit,
1787 2601 1867 2680 usus
1888 2606 1984 2678 enim
1998 2600 2129 2706 Olym·

740 2722 925 2826 pindum,
966 2736 1029 2802 aut
1058 2723 1203 2801 alterius
1238 2715 1342 2806 AErae
1378 2723 1625 2823 cujuscunque
1659 2721 1828 2798 nondum
1854 2721 1952 2822 apud
1984 2713 2131 2795 Graecor.

739 2839 949 2919 invaluerat.
1013 2838 1199 2926 Marmora
1232 2837 1403 2920 Arunda!
1410 2839 1503 2920 'iana
1540 2838 1725 2943 exsculpta
1759 2837 1906 2914 suerunt
1943 2838 2127 2934 sexaginta

721 2962 843 3056 ¹annis
867 2960 949 3063 post
974 2957 1212 3037 Araxnuo
1227 2985 1273 3035 nr
1299 2957 1431 3059 Magni
1457 2961 1645 3036 interitum
1669 2949 1767 3043 (An.
1788 2977 1824 3050 4.
1844 2949 1986 3062 Oljmp·
2007 2945 2123 3052 ηε),

740 3075 779 3156 &
814 3091 936 3155 tamen
964 3077 1112 3164 ,nullam
1139 3081 1366 3155 mentionem
1399 3076 1537 3155 faciunt
1559 3077 1606 3153 de
1640 3071 1958 3178 Olympi-adibus,
1989 3091 2050 3149 aut
2081 3073 2127 3149 de

738 3193 859 3296 aliqud
888 3185 1079 3282 atia'AErt
1102 3197 1316 3292 constantea
1339 3194 1401 3272 sed
1427 3191 1622 3274 retrorsdm
1647 3187 1900 3292 computaotb
1927 3203 2125 3289 tempore,
2245 3205 2248 3212 '

739 3314 843 3413 quod
871 3326 962 3390 tunc
989 3311 1141 3412 praesens
1172 3326 1259 3392 erat.
1312 3312 1384 3392 Sed
1424 3325 1546 3388 tamen
1588 3307 1697 3411 pauld
1728 3309 1808 3409 post
1836 3331 2015 3384 annorum
2043 3308 2135 3385 usus

740 3433 779 3510 in
802 3427 1057 3529 chronologis
1088 3429 1279 3530 perduttua
1302 3431 1392 3526 suit;
1424 3430 1472 3510 δι’
1490 3453 1570 3507 eam
1598 3451 1698 3505 novo
1739 3430 1889 3502 invento
1915 3428 2016 3502 auxit
2040 3447 2126 3524 pro·

738 3545 838 3628 ximh
855 3545 1087 3647 ¹Olympiade
1119 3547 1325 3625 Tlnnus
1353 3544 1533 3636 diculus,
1559 3548 1623 3646 qui
1655 3543 1790 3644 scripsit
1817 3541 2012 3621 Historiam
2044 3543 2126 3642 plu·

681 3672 683 3676 ’
738 3666 838 3744 ribus
868 3665 969 3744 libris
999 3665 1220 3756 distindam,
1254 3668 1290 3743 dc
1321 3666 1367 3743 ad
1406 3665 1466 3743 sur
1499 3665 1612 3769 usque
1651 3679 1819 3762 tempora
1851 3663 2053 3762 prolatam3
2086 3663 2126 3738 in

740 3783 812 3886 qud
839 3783 1121 3886 Olympiadibus
1137 3783 1228 3861 ‘usus
1257 3785 1333 3874 est,
1364 3784 1401 3859 dt
1426 3781 1650 3882 comparauit
1673 3772 1858 3888 Ephorus,
1874 3777 1992 3878 Reges
2011 3773 2126 3884 Spar·

738 3915 807 3992 tae,
847 3903 1050 3982 Archontes
1075 3895 1333 3991 Athenarum,
1353 3903 1404 3976 'dt
1429 3893 1599 4006 Argivas
1623 3891 1834 3976 Sacerdotes
1856 3921 1942 3976 cum
1968 3894 2125 3974 viatori-

716 4021 806 4098 'bus
830 4019 1061 4124 Olympicis,
1092 4027 1141 4097 ita
1167 4013 1208 4098 ut
1235 4017 1498 4120 Olympiades,
1532 4015 1794 4115 Genealogias,
1825 4017 1861 4091 de
1880 4013 2124 4091 Successrones

738 4133 914 4244 Regum,
943 4164 986 4222 ac
1014 4137 1270 4232 sacerdotum,
1300 4137 1337 4214 ἃ
1370 4134 1533 4219 Potticm
1565 4133 1739 4232 Historias
1761 4135 1800 4210 in
1828 4135 2039 4212 continuam
2064 4130 2125 4209 Se·

747 4299 749 4304 ·
1327 4285 1340 4296 ⁹
1683 4275 1685 4280 ·
2027 4271 2122 4329 trem

823 4395 870 4476 (k)
888 4395 1004 4474 Dionys.
1025 4395 1075 4459 lib.
1106 4417 1131 4460 1.
1153 4397 1244 4460 instso.

824 4480 864 4556 (l)
891 4475 1031 4540 Plutarch.
1054 4479 1083 4538 in
1110 4478 1216 4542 Numa.

815 4563 872 4642 (m)
890 4559 1010 4622 Diodor‚
1029 4557 1049 4620 l.
1071 4566 1120 4620 16.
1137 4579 1166 4637 p.
1192 4583 1204 4634 5
1211 4571 1259 4643 50,
1285 4557 1339 4622 El.
1355 4555 1454 4634 Stephg
1532 4585 1536 4600 ·
1658 4559 1661 4568 ’

822 4644 870 4723 n>
887 4639 989 4721 nub·
1005 4657 1035 4726 r·
1056 4657 1124 4725 nr·
1144 4641 1177 4706 u·
