4500 5812
664 423 744 505 ,ει
944 397 1462 506 orurcuourr
1515 325 1710 490 'xxm

486 593 578 660 cnr,
596 585 646 652 tx.
723 561 946 646 Vaticinium
966 567 1012 645 de
1027 565 1148 646 Ariete
1163 567 1200 642 ἃ
1227 565 1343 646 Hirco
1365 569 1401 644 in
1419 565 1603 668 postremo
1633 565 1743 646 Dru
1758 589 1771 644 1
1787 589 1841 646 et
1857 593 1900 648 rs
1917 569 2040 648 vatici·

482 675 588 776 tariot-
661 687 726 762 nio
742 689 924 786 repetitur.
958 684 1014 764 lbi
1034 688 1124 764 dicit
1141 685 1300 786 Angelus
1315 675 1663 794 Prosetaefiestenffi
1682 689 1741 780 (a)
1763 701 1809 762 ut
1825 683 1934 766 Dun
1947 715 1961 766 1
1972 711 1997 765 u
2009 712 2038 766 ι

480 777 561 922 ἓξὲξ
577 765 635 906 {¹5⁰
659 793 1036 900 nudumroboraren
1051 829 1096 882 ac
1114 806 1205 883 teser
1218 805 1368 907 quidem
1384 802 1505 882 adduc
1532 797 1807 910 exsurredsurns
1825 803 1865 884 in
1896 798 2041 914 Per-stre

481 927 623 1005 repetitur.
659 913 789 1027 Reges,
814 921 1048 1014 (Currum,
1074 924 1401 1003 Comensem&
1419 919 1554 1002 Dour
1570 917 2038 1014 umHnsrnsrrs,)&

656 1057 833 1148 quartum
852 1038 919 1130 (X
931 1065 952 1118 n
966 1065 989 1117 n
1005 1052 1137 1137 xum)
1162 1032 1258 1146 tongi
1273 1030 1392 1151 supra
1406 1065 1518 1118 omnes
1536 1037 1660 1150 opibus
1674 1039 1835 1118 ditatum
1846 1041 1919 1138 iri,
1942 1047 2040 1122 crim·

656 1183 727 1266 que
748 1157 896 1238 divitiis
911 1159 1137 1250 invaluerit,
1153 1185 1263 1239 omnes
1283 1149 1472 1264 'aspersio
1490 1152 1655 1264 Regnum
1674 1153 1829 1240 Greciae
1845 1169 2039 1240 mutuarer-

652 1303 740 1356 rum
766 1271 855 1385 (b).
903 1277 993 1358 Haec
1025 1279 1185 1358 Arietem
1206 1280 1421 1381 respiciunt,
1443 1283 1545 1377 cujus
1571 1278 1648 1357 duo
1669 1301 1808 1358 cornua
1828 1269 1977 1356 Mediae
2002 1281 2040 1358 de

652 1389 814 1504 Perfidis
833 1395 961 1498 Regna
974 1395 1236 1498 significabant.
1269 1397 1416 1478 Deinde
1428 1399 1548 1498 pergit
1565 1387 1702 1476 eornm
1719 1395 1823 1476 Hirci
1840 1397 2039 1476 describere

652 1531 792 1595 exortu
811 1505 1065 1620 Regissortir,
1079 1508 1198 1592 mustd
1224 1512 1449 1593 dominaturi
1465 1506 1658 1622 potestate,
1689 1509 1854 1620 quddque
1864 1507 1945 1620 sebi
1960 1512 2039 1624 psa-

651 1622 779 1742 eurffet
799 1621 970 1729 fedari,
997 1649 1106 1734 atque
1134 1629 1181 1710 ed
1211 1629 1312 1736 qudd
1331 1631 1501 1731 Regnum
1530 1631 1639 1734 ipsius
1656 1637 1693 1710 in
1715 1648 1871 1738 quatuor
1895 1637 2037 1729 minore

651 1747 778 1850 Regna
800 1751 1000 1828 diffrastum
1014 1748 1076 1839 fit,
1098 1775 1168 1830 nec
1184 1752 1227 1830 ad
1244 1749 1352 1852 ipsius
1371 1762 1524 1852 nepotes
1552 1749 1737 1868 transierit.
1783 1751 1882 1830 Tum
1909 1751 2037 1829 descri-

650 1869 706 1944 brt
723 1891 778 1946 res
795 1869 907 1967 gestas
922 1867 1082 1946 duorum
1096 1893 1142 1946 err
1157 1869 1252 1947 hisce
1266 1868 1505 1968 Regnorum,
1524 1893 1604 1969 quae
1617 1871 1767 1970 quidem
1787 1863 1924 1970 Judaeae
1937 1881 2036 1948 erent

652 1991 899 2075 contermina,
918 1987 1053 2063 scilicet
1076 1985 1233 2094 Agypti
1254 1971 1293 2064 dc
1313 1979 1451 2091 Syrie,
1478 1983 1667 2087 Rege'sque
1682 1977 1814 2093 Austri
1829 1989 1866 2064 dc
1885 1983 2034 2092 Aquin-

650 2103 707 2180 nis
722 2103 800 2180 haec
815 2117 1026 2204 nuncupat,
1043 2105 1164 2205 quales
1180 2118 1282 2182 erant
1300 2104 1457 2206 respesiu
1479 2102 1561 2180 suus
1593 2096 1803 2207 Palestinae3
1824 2101 1944 2194 islam,
1974 2105 2034 2184 de·
2153 2120 2157 2128 '

649 2223 788 2322 nique,
811 2221 1088 2322 descriptionem
1101 2222 1146 2298 ad
1160 2237 1364 2300 extremum
1386 2221 1497 2322 usque
1515 2221 1626 2298 finem
1646 2225 1788 2323 imperii
1802 2221 1934 2300 horum
1950 2247 2036 2326 qua·

649 2349 754 2427 tuor,
774 2359 816 2416 ac
831 2339 1189 2440 tempora-Anno
1203 2361 1289 2418 cur
1313 2331 1532 2446 Epiphanir,
1554 2338 1725 2428 deducit,
1745 2336 1829 2416 cium
1845 2342 1890 2418 ad
1906 2344 2036 2443 impie·

648 2459 729 2534 tatis
754 2456 934 2534 summum
957 2471 1169 2558 perventum
1197 2457 1302 2536 foret
1339 2458 1394 2536 Ab
1421 2455 1567 2544 odero,-
1591 2473 1731 2545 autern,
1762 2455 1866 2534 Aur
1882 2481 2033 2537 rocrrt

653 2595 764 2662 anno,
783 2573 1008 2676 eodem,quo
1028 2575 1088 2652 hic
1107 2575 1304 2677 Templum
1328 2565 1699 2678 Hierososprmitanum
1727 2575 1952 2675 profanavit,
1971 2576 2036 2654 fal-

649 2687 846 2791 sorumque
867 2690 1037 2782 Deorum
1056 2691 1196 2770 cultum
1214 2695 1250 2769 in
1273 2695 1376 2770 omui
1392 2684 1527 2791 Judaed
1543 2691 1768 2781 introduxit,
1797 2685 1951 2770 Romani
1973 2717 2033 2772 au·

650 2819 727 2884 tem
747 2805 917 2908 Regnum
934 2799 1169 2887 Macedonio
1189 2808 1384 2907 subegere,
1404 2806 1531 2888 definit
1547 2833 1600 2886 res
1622 2811 1734 2908 gestas
1759 2807 1903 2910 Regum
1917 2811 2034 2890 Austri

651 2925 689 3002 dc
705 2924 899 3028 Aquilonis
925 2927 1122 3005 describere
1150 2927 1310 3028 Angelus
1337 2926 1466 3016 Vates,
1491 2951 1533 3004 ac
1550 2951 1604 3004 res
1619 2921 1852 3019 Grecorum,
1875 2931 1943 3008 sub.
1965 2922 2033 3008 Ro-

649 3065 838 3124 metrorum
870 3050 943 3144 jam
975 3049 1134 3148 imperio
1172 3045 1414 3151 degentium,
1448 3045 1586 3123 tradere
1617 3045 1824 3147 adgreditur
1851 3070 1865 3149 3
1896 3045 2033 3127 scilicet

1941 3163 2030 3266 Cup.

647 3385 711 3450 sene
723 3385 876 3452 observdsse
888 3433 896 3464 ,
907 3405 967 3452 uon
986 3387 1138 3452 levioribus
1154 3389 1310 3452 incommo
1358 3399 1420 3454 tur.
1439 3387 1508 3454 cdnr
1517 3383 1604 3450 verba
1618 3387 1696 3454 versu
1725 3411 1772 3466 η,
1798 3396 1969 3474 impietatem
1988 3390 2031 3450 ad

646 3469 691 3530 dis
709 3487 770 3530 earn
795 3469 947 3542 laborare,
969 3489 1053 3548 quarn
1079 3472 1165 3532 tradit
1188 3473 1311 3544 Noster,
1351 3470 1495 3548 summum
1512 3471 1684 3554 pervenisse,
1711 3475 1833 3533 muodo
1847 3469 2030 3535 renuuntur

645 3553 728 3628 quim
745 3551 949 3628 iilumquae‘ub
968 3551 1027 3630 ipso
1047 3553 1246 3630 impugnetur,
1260 3571 1307 3615 ex.
1357 3550 1475 3630 impleto
1487 3552 1616 3614 docuerit
1628 3595 1638 3624 ,
1650 3571 1684 3614 ac
1699 3556 1884 3619 nihilominus
1897 3571 1952 3625 ree,
1968 3569 2029 3630 quae

642 3631 837 3712 plicationem.
879 3633 986 3695 Durum
1011 3635 1050 3695 esi
1074 3653 1258 3716 quaecumque
1275 3637 1306 3697 in
1356 3645 1426 3695 tunc
1442 3647 1585 3697 eventurae
1603 3635 1811 3710 predicentur,
1831 3633 1869 3695 ad
1890 3641 2027 3694 nomme-

643 3715 801 3791 lmpcrium
831 3725 984 3774 Romanum
1021 3717 1082 3792 post
1112 3735 1305 3796 expugnatum
1355 3717 1634 3794 rumimperatorum
1659 3721 1712 3798 Vef
1724 3717 1856 3801 rufiani&
1887 3720 2028 3777 Hadriani

643 3799 813 3856 macedone
840 3795 968 3872 Regnum
987 3799 1145 3874 quadrant,
1167 3802 1234 3861 huic
1255 3799 1303 3877 ipsr
1354 3813 1481 3876 tempora
1498 3795 1617 3866 reserant
1634 3737 1722 3862 iring
1741 3801 1825 3878 songd
1841 3795 1961 3860 usterids
1974 3817 2029 3862 ex·

641 3873 743 3954 Regno
756 3876 910 3938 adscribere
942 3880 1042 3955 Neque
1054 3880 1131 3941 enim
1141 3885 1257 3941 Romam·
1267 3899 1304 3941 eu
1353 3879 1463 3940 tendet.
1489 3881 1595 3939 Durum
1606 3881 1692 3942 etiam
1705 3883 1815 3944 videtur
1830 3879 1949 3952 dicere,
1973 3887 2028 3939 iio-

641 3977 700 4019 uno
712 3973 831 4036 quatuor
843 3977 981 4020 cornuum
994 3959 1186 4028 surrexerunt,
1209 3961 1304 4042 &ipse
1351 3979 1449 4018 muner
1471 3957 1602 4020 occidisse
1619 3960 1773 4036 Messium,
1791 3961 1889 4032 eliud,
1916 3961 2022 4038 enim,

642 4037 742 4102 Noster
758 4059 807 4102 eos
820 4059 878 4100 non
890 4041 918 4102 in
930 4039 1060 4118 gentibue
1076 4045 1162 4105 Hiroo
1181 4045 1300 4106 denota·
1352 4043 1391 4104 esi
1415 4041 1535 4099 Peterem
1557 4047 1731 4120 rona-enm,
1758 4045 1788 4108 id
1812 4042 1872 4105 fieri
1897 4041 2025 4117 jumne,

639 4119 675 4179 tis
697 4123 886 4184 numerandos
906 4123 985 4183 dixit.
1015 4123 1113 4203 Neque
1135 4124 1248 4188 illorum
1263 4143 1302 4186 eo
1350 4123 1427 4184 aliud
1450 4133 1606 4200 ¹inormior,
1628 4123 1659 4185 id
1675 4125 1896 4208 est,populum
1920 4133 2026 4189 Rome·

638 4209 768 4276 tempore
777 4219 906 4266 exortum
916 4203 954 4264 est
965 4203 1129 4283 Imperium.
1143 4205 1205 4270 Neo
1215 4208 1300 4270 etiam
1348 4223 1425 4268 um.
1440 4208 1455 4285 )

638 4278 732 4343 secum
745 4282 800 4358 ipsa
818 4285 879 4358 ejus
896 4283 1033 4348 sententia
1059 4289 1202 4352 consistere
1221 4289 1298 4350 vide·

680 4393 725 4468 (a)
748 4389 963 4466 Angsicaversro
981 4389 1027 4452 hie
1046 4393 1301 4472 hebernum·
1387 4393 1429 4472 (b)
1452 4393 1526 4452 Dan.
1546 4387 1608 4459 xl.
1629 4405 1655 4454 Ι.
1669 4407 1701 4455 ι.

636 4468 693 4548 tit3
712 4471 882 4531 uenenum
900 4473 978 4543 noae
993 4491 1050 4554 up,
1070 4475 1197 4540 surrexit.
