4500 5812
167 663 172 666 .
292 579 502 665 Luonus
528 582 554 662 Ι.
576 581 702 660 litteris
722 582 1068 679 adNucucnu,
1087 581 1192 682 hujus
1211 585 1310 662 urbis
1327 579 1571 686 Episcopum:
1598 581 1718 690 Haec

442 365 916 530 outnnuuu.
966 423 1056 516 uu
1117 427 1468 516 Danuui.
1595 455 1679 539 un

1702 548 1844 610 Uulcani·

291 704 389 778 enim
420 703 559 778 ratione
595 723 653 777 eas
690 687 861 780 Pontifex
892 702 1057 779 orditur:
1095 693 1273 812 Regreffut
1295 693 1430 782 uanos
1446 701 1550 804 filius
1580 726 1675 779 meus
1693 649 1788 788 illul?
1808 648 1859 730 μζ

289 821 363 896 An
377 841 398 894 tt
411 841 435 895 o
448 841 476 894 u
494 845 515 894 s
535 844 560 896 u
572 843 597 896 u
611 837 655 908 s,
673 816 859 898 Diaconns
880 815 977 896 Sedit
994 815 1126 927 nullia,
1143 813 1364 899 dileiliontm
1379 843 1482 898 tuam
1499 811 1676 930 poposcisti

266 939 487 1030 memorat,
514 957 555 1014 ut
578 931 620 1013 de
644 925 735 1012 hisi
759 931 851 1014 nobit
869 931 1124 1014 authoritatem
1142 932 1345 1044 Apostolica
1356 930 1673 1046 Seditacciperet,

290 1079 368 1161 qua
392 1048 535 1148 quinem
562 1075 736 1160 magnam
759 1047 1008 1156 difficultatem
1043 1047 1310 1160 dijudicationis
1335 1049 1509 1134 videntur
1533 1052 1672 1160 affine·

288 1168 356 1250 His
379 1169 500 1259 distis,
523 1169 732 1272 responsum
760 1169 867 1248 tradit
900 1169 1155 1271 qnaestionibus
1178 1166 1198 1247 u
1219 1171 1426 1250 Nucuun
1449 1169 1668 1272 propositis,

288 1302 396 1390 atque
413 1291 461 1365 ita
475 1288 622 1365 tandem
637 1288 795 1388 epistolae
813 1287 923 1366 finem
935 1287 1041 1366 facit:
1056 1279 1168 1366 Hanc
1183 1311 1303 1376 autem
1318 1287 1492 1400 epistolam
1505 1288 1672 1400 nostram,

286 1427 399 1516 quam
417 1402 466 1483 ad
479 1394 768 1512 consultationem
788 1425 859 1484 tua
907 1412 1112 1482 aternitatis
1133 1402 1326 1509 emifimut,
1347 1403 1396 1486 acl
1410 1433 1522 1485 omnes
1532 1399 1670 1514 fratres

289 1523 335 1600 it
349 1520 657 1632 comprovintiales
679 1542 753 1600 tuot
775 1511 848 1630 Epi
864 1511 1075 1632 copotfaciet
1086 1527 1299 1631 pervenite,
1321 1547 1361 1602 ut
1374 1531 1414 1605 in
1427 1529 1585 1604 omnium
1611 1519 1669 1600 ob-

278 1629 477 1746 ses-nautici
501 1637 592 1718 elata
601 1625 705 1750 profit
729 1634 935 1717 authoritas.
962 1638 1071 1718 Dato
1093 1664 1157 1718 12.
1183 1635 1272 1716 Kal.
1299 1636 1389 1750 Apu.
1423 1640 1504 1720 Mu
1517 1665 1611 1740 Jon
1627 1663 1669 1718 Δ-

243 1843 245 1848 ,
289 1753 479 1866 noAug.
502 1750 1249 1854 Cot.A.C.458.Guuoou1usM.
1279 1760 1318 1836 A.
1341 1758 1383 1837 C.
1405 1783 1483 1857 491
1514 1758 1666 1836 Sutt-

288 1895 395 1952 uuun
407 1927 419 1964 ,
431 1863 702 1980 ¹Aquile'iensem
716 1870 960 1975 Episcopum,
989 1877 1154 1954 evocatis
1169 1887 1210 1952 ut
1221 1873 1348 1954 Romae
1365 1879 1401 1954 in
1418 1876 1588 1958 Concilio
1603 1875 1667 1954 co·

288 2013 363 2068 tam
386 1983 451 2070 suo
471 1989 620 2093 Judicio
635 2005 862 2091 compareret
889 1994 906 2082 (
930 1999 961 2087 ).
1665 2086 1668 2094 ¹

357 2102 588 2218 Aquileienfit
604 2111 641 2186 &
655 2103 930 2216 Mediolantnfit
946 2106 1116 2209 Episcopi
1131 2109 1166 2186 se
1181 2112 1338 2188 invicem
1355 2114 1544 2225 creabunt,
1559 2103 1669 2188 aded-
1686 2119 1835 2216 Necnon

264 2249 360 2326 ‘que
374 2225 527 2328 aequales
542 2239 641 2304 etant
659 2227 889 2315 auiiotitate,
922 2223 1121 2326 elde'mque
1133 2230 1273 2304 ratione
1296 2225 1466 2306 Romana
1480 2229 1565 2308 sedi
1583 2229 1668 2306 snb·
1685 2196 1826 2346 fficio,

287 2345 376 2441 jolii.
408 2341 584 2420 Penne
599 2368 612 2420 1
627 2367 680 2420 us
701 2341 819 2444 Papa,
835 2347 942 2421 circa
957 2355 1092 2420 annum
1114 2367 1207 2439 557,
1227 2343 1322 2422 hisce
1333 2347 1449 2424 verbis
1475 2346 1549 2424 hoc
1570 2346 1671 2423 tella-

202 2509 213 2522 ·
287 2473 346 2540 tus
363 2460 411 2538 est
428 2451 493 2566 (b)
510 2487 518 2536 ε
536 2457 616 2540 Mos
640 2447 770 2560 inquit,
792 2467 957 2568 antiquus
972 2451 1065 2567 fuit,
1084 2481 1138 2558 ut,
1151 2465 1239 2568 quia
1272 2487 1308 2540 to
1330 2460 1591 2572 longinquitate
1609 2461 1673 2540 vel

287 2574 500 2682 difficultate
514 2583 652 2656 itineris
671 2573 717 2652 ab
726 2570 916 2689 Apostoluco
937 2575 1006 2654 illis
1027 2584 1209 2686 onerosum
1219 2483 1338 2682 sserit
1363 2579 1539 2677 ordinari,
1556 2576 1617 2687 iffi
1629 2569 1671 2685 se

288 2701 446 2772 invicem
463 2690 736 2800 Mediolanenfis
755 2695 800 2774 ὼ
824 2689 1058 2800 Aquileienfis
1075 2689 1237 2772 ordinare
1259 2679 1438 2806 Episcopos
1465 2690 1670 2799 elebmffint.
1794 2787 1798 2792 .

286 2810 484 2891 Involvunt
501 2809 577 2889 haec
599 2813 705 2890 verbu
728 2811 999 2890 ordinationem
1013 2811 1196 2913 utriusque
1211 2811 1318 2910 hujus
1334 2811 1505 2916 Episcopi
1520 2811 1670 2915 proprii

288 2928 333 3007 ad
354 2927 486 3007 sedem
505 2923 705 3005 Rotnanum
724 2928 938 3029 pertinuisse.
985 2927 1083 3009 Cium
1096 2927 1128 3005 L
1140 2953 1196 3004 nu
1211 2955 1234 3007 u
1248 2954 1268 3004 u
1281 2953 1307 3004 u
1321 2953 1459 3020 u1us,
1486 2929 1668 3006 Mediola-

286 3043 393 3155 ntnfis
411 3042 634 3147 Episcopus,
650 3045 693 3124 Μ
708 3071 731 3121 n
746 3071 772 3123 o
784 3049 811 3121 it
823 3071 848 3121 u
863 3070 912 3134 tn,
935 3070 1047 3124 ununt
1066 3044 1346 3146 expresbyteris
1374 3047 1462 3135 suis,
1484 3049 1586 3124 sactis
1611 3071 1666 3144 nt·¹

288 3162 435 3252 coisset,
466 3151 764 3240 ac³deindeesiet
784 3182 972 3252 mortuus,
1001 3162 1305 3242 Gnnoontus
1332 3163 1571 3242 niuniu
1601 3165 1665 3239 ab·

285 3278 413 3369 soluit,
440 3280 606 3383 misitque
622 3278 776 3358 Pullium
792 3280 837 3357 ad
850 3303 975 3357 recens
990 3281 1143 3358 eleisum
1156 3275 1377 3381 Episcopum
1407 3282 1510 3361 Con
1522 3305 1608 3358 sun
1621 3304 1665 3381 tt·

287 3422 339 3475 τι
357 3421 423 3475 um
448 3398 501 3490 (c)
511 3423 522 3492 3
550 3421 660 3500 quem
693 3420 805 3486 mox,
837 3421 935 3475 anno
959 3400 1154 3498 proximo,
1186 3398 1417 3498 reprehendit
1438 3405 1478 3477 ut
1506 3401 1665 3499 partium

286 3516 405 3594 studio
420 3512 568 3593 dunum
593 3517 630 3590 in
645 3513 839 3612 iudicando
854 3513 880 3592 E
895 3540 919 3592 o
933 3538 957 3592 n
972 3539 997 3590 u
1010 3537 1202 3602 uuu'r0,
1220 3511 1389 3614 julitque
1412 3531 1451 3592 ut
1467 3517 1566 3592 hunc
1590 3514 1665 3590 Ro·

287 3657 383 3710 mam
399 3635 576 3720 mitteret,
596 3631 670 3710 illic
690 3631 924 3731 judicandum
948 3623 968 3735 (
980 3626 1058 3737 d),
1078 3629 1248 3724 Quatuor
1261 3631 1341 3730 post
1365 3637 1466 3710 annis
1483 3629 1665 3712 Mediola-

286 3747 382 3853 nenfi
398 3751 434 3825 &
453 3745 720 3856 Ravennattnfi
732 3747 917 3850 Episcopis
939 3749 1122 3825 mandavit
1143 3749 1357 3826 audiendum
1376 3749 1579 3827 Muxmt
1604 3771 1668 3827 cu·
1728 3825 1731 3832 .

287 3868 425 3965 iusdam
439 3867 578 3943 causant
593 3861 686 3968 (e);
707 3889 748 3944 ac
761 3867 903 3944 duobus
919 3869 1018 3943 annis
1040 3866 1194 3966 amplius
1208 3863 1354 3967 elapsus,
1376 3867 1537 3956 scilicet,
1565 3865 1605 3944 A.
1620 3866 1662 3946 C.

291 4000 390 4083 σοι,
411 3981 494 4059 cium
519 3997 666 4062 mortuo
679 3981 711 4062 C
724 4007 915 4060 onsuun
929 4001 956 4058 τ
968 4006 1017 4059 10
1034 3982 1193 4082 populus
1204 3978 1476 4090 Mediolanenfit
1492 3983 1667 4060 successo·

246 4170 250 4179 ,
286 4126 364 4179 tem
401 4099 597 4202 elegisset,
635 4103 696 4180 cui
724 4124 863 4178 nomen
897 4098 1223 4178 Duusottnuu
1250 4157 1261 4188 ,
1296 4094 1516 4210 Longobardi
1544 4115 1666 4176 autem

1054 4214 1096 4294 X
1111 4239 1138 4292 x
1188 4239 1211 4292 2
1284 4227 1288 4234 '
1540 4215 1665 4308 alium,

298 4313 302 4322 ’
326 4303 370 4427 (Α)
397 4357 487 4432 orig.
508 4349 541 4413 tn
576 4351 628 4416 tu.
649 4354 678 4417 1.
694 4355 790 4420 tuuc.
813 4377 842 4434 9.
860 4355 947 4434 Epffi·
1038 4351 1187 4494 glum.
1207 4355 1249 4422 n.
1262 4353 1313 4418 ttb.
1331 4373 1359 4434 ς.
1375 4354 1455 4436 uptn
1477 4362 1571 4424 un&
1593 4358 1614 4422 t.
1632 4379 1662 4432 4.

329 4439 379 4590 lli
396 4513 477 4593 upuu
507 4518 676 4584 mutianum
693 4515 730 4580 oe
754 4515 951 4601 nteitouup
1039 4433 1188 4590 (ullum
1210 4513 1259 4576 nu.
1287 4527 1315 4593 t·
1342 4513 1391 4596 up.
1408 4539 1437 4592 4„

329 4599 355 4657 ἃ
373 4594 542 4678 Aquileienfi
558 4596 713 4678 Episcopis.
1039 4597 1081 4672 (t)
1104 4595 1185 4660 ldem
1203 4596 1253 4662 ltb.
1275 4615 1308 4672 9.
1325 4597 1394 4680 Epp.
1414 4615 1460 4662 ιο.
1477 4589 1569 4674 8167.
