4524 5804
407 379 478 454 552
642 385 647 402 ’
1100 354 1390 436 JNDEX

315 531 318 538 '
399 483 815 604 Qaantitasisolidorum,
872 511 900 584 i.
922 531 976 602 14.
987 507 1157 604 firbſsnem.

403 651 474 672 ·—
497 609 753 708 superficierum·
764 613 1056 698 Carvilincarum,
1074 631 1106 686 2.
1123 629 1156 698 3.
1405 688 1409 710 ,
1583 612 1621 693 ‘R

398 843 477 866 ¹-
495 805 591 884 surda
605 811 778 906 quomodo
793 809 968 884 diducatur
983 810 1017 882 in
1031 763 1157 883 Seriem
1318 805 1465 880 Adimlea
1485 801 1510 879 sa
1535 803 1601 880 fiat
1627 807 1663 880 ia
1681 805 1884 880 Finxionum
1908 827 1965 898 re,

455 909 700 998 Infinitarum,
1057 928 1155 994 5.11
1330 904 1504 990 tionibus,
1532 905 1835 999 quidfaciendum',
1871 907 1899 978 1.
1916 917 1965 998 87

404 1043 478 1063 ··-·
500 1011 647 1084 notanda
670 1012 704 1081 in
734 1011 818 1082 harre
845 1032 941 1098 rem,
968 1029 1022 1081 ιι.
1039 1003 1085 1092 Ed
1104 1027 1157 1096 17.
1218 1003 1356 1082 Redime
1368 1007 1605 1095 AEquarionum
1620 1008 1741 1099 ignotae
1761 1001 1965 1091 velintne,

382 1199 391 1208 .
673 1167 690 1196 ,
1024 1105 1086 1194 snb
1095 1110 1156 1198 fin.
1268 1103 1428 1194 quando,
1455 1104 1675 1196 &quomodo
1699 1101 1822 1198 poffint
1856 1103 1979 1195 erepti:

401 1205 579 1279 ·-surda
605 1203 629 1278 fi
660 1204 699 1278 fit
720 1207 756 1278 in
783 1205 987 1278 Fluxionum
1005 1206 1158 1292 tatione,
1271 1202 1317 1270 mi
1332 1226 1380 1294 ,¹¹
1445 1249 1447 1254 -
1780 1212 1965 1295 10.44.46

456 1309 536 1396 quid
554 1304 768 1391 faciendum,
1112 1313 1159 1394 87
1218 1330 1291 1352 ·-
1312 1300 1549 1389 AEquationurn
1569 1295 1759 1374 affer'iarum
1788 1300 1958 1393 quomodo

385 1426 476 1446 ·’··
499 1408 615 1480 Relata
644 1409 675 1477 ἃ
704 1403 863 1476 correlata
890 1402 970 1496 quid
994 1399 1082 1488 ssnt,
1108 1423 1158 1489 92
1270 1399 1486 1472 extrahantur
1499 1451 1511 1488 ,
1531 1401 1611 1474 uide
1633 1398 1693 1472 sub
1716 1397 1822 1472 uerbo
1847 1407 1966 1492 ἄφα-

401 1507 623 1592 :Quantitates
644 1503 816 1595 quomodo
830 1503 949 1595 genitae
971 1502 1163 1596 concipiam
1266 1505 1314 1571 tio
1697 1535 1702 1544 ·

458 1626 512 1675 tur
538 1605 574 1675 in
595 1603 758 1675 Methodo
779 1602 1006 1684 Fluxionum,
1024 1603 1048 1673 1.
1082 1619 1157 1684 ¹202
1216 1629 1292 1649 ·-·
1311 1596 1548 1692 AEquationum
1573 1591 1965 1670 affemrumfifintna

408 1704 648 1792 Quantitntum
662 1701 970 1794 complexarumin
992 1699 1094 1770 Series
1105 1700 1159 1770 In·
1268 1696 1409 1771 xion‘um
1458 1699 1602 1768 rationes
1636 1695 1717 1789 quid
1749 1691 1965 1781 faciendum,

460 1801 545 1872 nitas
567 1798 743 1886 resolutio,
998 1793 1172 1890 1·&svq·s
1232 1833 1240 1852 ·
1917 1803 1964 1884 87

407 1923 553 1993 -per
578 1895 805 1983 Divisionum,
1135 1917 1160 1990 4
1217 1927 1290 1944 --
1317 1892 1358 1964 ad
1382 1894 1504 1967 Axium
1526 1891 1666 1965 vertices
1686 1893 1857 1979 invenire,
1891 1909 1964 1982 277

407 2035 476 2053 ·-
497 2023 555 2092 per
581 1997 832 2072 Eutradtionem
856 1993 997 2074 radicis,
1139 2015 1156 2083 ς
1214 2027 1291 2044 ·-—
1309 1991 1343 2063 in
1358 1992 1565 2066 Sedtionibus
1583 1993 1720 2066 Coniois
1740 2011 1849 2086 aequat
1869 1989 1965 2064 dimi·

317 2178 319 2180 ,
408 2129 475 2152 ·--
502 2097 650 2170 notanda
671 2097 705 2168 in
723 2097 806 2165 hanc
831 2116 927 2178 rem,
982 2085 1158 2183 11.&17
1268 2091 1360 2164 dium
1384 2093 1467 2165 latus
1493 2095 1648 2177 redium,
1704 2091 1709 2100 '
1891 2100 1961 2180 278

408 2227 480 2271 -·.-··
503 2197 602 2286 hujus
625 2192 778 2266 Methodi
801 2189 1081 2277 fundamentum,
1105 2235 1107 2240 ·
1217 2191 1336 2261 -in
1357 2191 1554 2263 Concho'ide
1578 2187 1791 2274 Nicomederi,
1892 2208 1963 2278 279

408 2327 479 2346 ·-
499 2294 679 2368 Fluxiones
699 2291 777 2384 quid
810 2287 898 2376 iiaat,
996 2292 1023 2363 Ι.
1042 2301 1097 2381 58.
1110 2302 1159 2365 60
1217 2288 1313 2366 Radii
1351 2286 1570 2364 diveriimodd
1604 2285 1857 2381 restinguatur,
1907 2287 1963 2358 11.

409 2391 674 2486 -quomodo
700 2391 951 2483 exprimantur,
1108 2401 1158 2464 60
1811 2395 1872 2477 76.
1888 2393 1959 2472 283
2002 2412 2038 2474 ρ

407 2530 477 2548 ·-
503 2489 674 2586 quomodo
696 2487 936 2573 inveniantur,
1038 2495 1093 2573 56.
1108 2501 1154 2578 65
1216 2507 1289 2538 ··'-·
1314 2485 1481 2560 ubsolam
1507 2482 1670 2560 diversam
1697 2481 1965 2576 Refrangibilita-

409 2625 481 2644 ·-···
509 2593 608 2667 etiam
634 2587 692 2661 ubi
718 2584 794 2658 sunt
818 2581 925 2658 surdae
952 2602 1011 2658 aut
1032 2585 1158 2673 fradiae,
1265 2601 1360 2673 tem,
1915 2600 1966 2676 94

733 2776 736 2784 Ι
1032 2696 1091 2759 66.
1110 2693 1157 2772 69
1216 2717 1288 2734 -
1312 2709 1381 2756 non
1404 2681 1450 2756 ob
1479 2679 1642 2755 diversam
1672 2681 1769 2754 Lucis
1808 2680 1965 2753 termina-

310 2845 314 2853 .
412 2827 479 2848 --
499 2788 554 2858 vel
578 2787 658 2860 tales
676 2780 962 2879 quaegeometricd
987 2803 1158 2878 nequeunt
1267 2784 1393 2855 tionem
1428 2799 1486 2856 aut
1513 2777 1706 2875 quiescentis
1739 2779 1839 2852 medii
1865 2775 1965 2852 confi·

460 2887 610 2982 exponi,
1109 2904 1158 2973 70
1266 2881 1383 2968 nium,
1916 2893 1973 2966 95·

410 3015 483 3040 ·-
510 3001 680 3058 momenta
704 2981 784 3077 quid
811 2978 898 3066 fint,
935 3036 937 3046 ,
1106 3001 1156 3072 74
1217 3016 1284 3034 -
1309 3005 1371 3052 nec
1394 2979 1486 3050 varia
1505 2977 1582 3049 vitri
1610 2974 1786 3063 Craffitie,
1884 2975 1964 3048 Ibid

410 3121 483 3138 ·-
505 3105 603 3177 quam
622 3081 766 3154 habeant
788 3078 1156 3173 Proportionem,1bid.
1216 3117 1283 3133 -
1304 3076 1448 3168 ejusdem
1478 3071 1607 3150 diffusro
1625 3101 1696 3148 non
1717 3074 1825 3150 reddit
1842 3071 1965 3149 oblon-

409 3219 482 3238 --
512 3183 684 3275 quomodo
707 3179 961 3273 exprimantur,
1108 3196 1155 3269 75
1266 3199 1341 3269 gam
1368 3177 1453 3249 Soiis
1472 3173 1674 3266 imaginem,
1912 3182 1965 3262 96

310 3299 312 3305 ’
409 3325 477 3343 ·-·-
502 3279 722 3355 fluxionibus
735 3278 833 3364 datia,
852 3277 1025 3370 quomodo
1036 3276 1156 3349 Fluen-
1215 3309 1284 3328 -·
1313 3273 1435 3368 probat
1456 3274 1633 3368 iongitudo
1666 3270 1779 3346 soteris
1811 3272 1966 3364 imaginir

459 3403 507 3466 tce
537 3380 775 3463 inveniantur,
1109 3388 1152 3461 81
1267 3369 1448 3459 refracta,
1914 3383 1962 3462 78

413 3479 650 3572 Quantitacum
681 3475 861 3551 Potestates
886 3471 1013 3566 quaevis
1039 3472 1160 3546 inven-
1217 3505 1289 3522 -
1311 3507 1379 3526 -
1396 3497 1469 3564 quae
1485 3488 1595 3542 tamen
1613 3467 1805 3543 orbicularis
1820 3465 1881 3542 effe
1903 3495 1973 3564 po·-

373 3595 393 3648 a
461 3602 503 3653 tac
531 3601 588 3671 per
613 3577 800 3648 Theorema
822 3575 995 3667 generale,
1041 3594 1072 3645 r.
1088 3593 1159 3665 307
1268 3569 1330 3644 test
1354 3568 1426 3644 casu
1450 3571 1595 3664 quodam
1621 3570 1799 3663 peculiari,
1912 3588 1963 3660 79

400 3681 569 3768 ,Quatuor
598 3676 743 3761 AEtates,
764 3673 817 3746 vel
836 3670 950 3745 saecula
965 3721 978 3758 ,
1019 3673 1073 3743 vei
1091 3675 1159 3746 Ge·
1218 3673 1403 3747 Radiorum
1429 3669 1499 3741 dati
1519 3667 1646 3762 generis
1662 3665 1811 3740 mensura
1827 3663 1962 3742 Refrac-

459 3774 673 3860 uexationes,
740 3809 742 3816 s
1031 3771 1157 3849 111.12
1268 3771 1402 3846 tionum
1439 3769 1475 3840 in
1502 3767 1618 3860 quavis
1644 3766 1822 3840 incidentia
1854 3766 1963 3852 dati,

410 3891 483 3928 ·--
510 3873 646 3967 quando
671 3869 857 3964 inceperint¹
894 3871 927 3942 dc
960 3870 1095 3962 quando
1117 3869 1158 3946 fi,
1437 3871 1439 3878 ⁴
1851 3865 1896 3936 11.
1911 3875 1961 3952 98

460 3973 610 4057 nicrint,
1074 3967 1153 4042 ibid.
1216 4003 1284 4022 -
1304 3961 1424 4040 diverii
1445 3963 1571 4061 generis
1608 3961 1836 4040 Refradtionea
1863 3963 1965 4034 coila.

411 4077 655 4171 Qinquertinm
667 4067 801 4162 quando
816 4066 1026 4154 institutum,
1044 4087 1153 4161 2745
1266 4085 1333 4152 tae,
1791 4083 1871 4138 100.
1888 4071 1988 4141 112'

412 4175 562 4260 Quintus
585 4168 706 4244 Fabius
726 4168 835 4240 Pidor
868 4165 1066 4240 Latinorum
1096 4191 1155 4240 an-
1215 4197 1286 4215 ·-
1313 4188 1417 4258 genus
1431 4163 1597 4237 mediocre
1610 4159 1785 4234 adhibetur
1801 4163 1842 4234 ad
1858 4163 1964 4234 Com-

461 4268 658 4362 tiquiffimus
686 4266 870 4342 Historicus
907 4263 1042 4359 quando
1058 4265 1180 4352 ,vixei
1266 4265 1431 4359 parandos
1451 4259 1540 4336 fiatur
1572 4257 1795 4336 Refradiionir
1825 4259 1964 4334 &inci-

458 4371 524 4457 rit,
1034 4365 1098 4440 111.
1111 4384 1158 4456 29
1267 4362 1413 4448 dentiae,
1877 4356 1971 4430 lbra·

452 4463 466 4478 ''
483 4467 506 4492 “·
1219 4479 1287 4520 -2
1312 4459 1444 4533 finuum
1470 4457 1656 4534 incidentiae
1688 4455 1963 4537 &Refradionia

1159 4591 1160 4594 ¹
1264 4561 1354 4646 ¹ratio
1376 4557 1617 4655 investigatur,
1812 4611 1819 4620 -
1888 4571 1974 4730 pior·

1824 4687 1875 4712 ·-
1914 4680 1964 4730 nu
