4500 5812
410 442 870 541 OBSERVAT.
917 447 1004 538 IN
1057 444 1399 536 DANIEL.
1541 449 1635 552 371³

305 577 555 694 Fundamenta
580 613 865 716 Chronologiae,
890 619 950 694 coi
975 613 1048 716 ipse
1073 637 1192 692 meam
1218 613 1435 716 superstruxi
1465 610 1623 712 explica·
1639 605 1808 692 depugna
1933 633 1935 639 ·

247 735 410 820 tionem,
433 735 526 830 jam,
552 733 623 836 qui
639 733 780 835 polium
804 737 996 822 brevitate,
1020 733 1165 811 tradam.
1623 693 1798 836 wau

313 847 455 930 Bellum
487 843 815 958 Peloponnfiacum
848 853 984 952 incepit
1012 848 1144 939 Vere,
1183 873 1281 928 anno
1324 873 1356 926 1.
1394 831 1624 949 Olympitdis
1644 848 1757 916 Funda-

231 979 329 1064 Ἢ,
359 975 400 1044 ut
421 965 701 1046 Drononus
723 962 895 1064 Siculus,
926 967 1193 1056 Eueno-rus,
1221 965 1354 1068 aliique
1376 989 1504 1078 omnen
1528 962 1623 1043 Aue·
1640 949 1808 1090 ”cffioffl

245 1098 366 1182 toret,
388 1106 465 1162 uno
481 1108 545 1163 ore
566 1087 746 1164 testantur.
777 1086 935 1166 Duobus
959 1085 1051 1163 illud
1077 1088 1215 1185 incepit
1231 1082 1412 1178 mentibus
1430 1095 1623 1184 antequam
1636 1098 1698 1176 gie-r
1717 1097 1766 1162 see

244 1197 595 1280 Puruononus
629 1203 822 1282 Archontie
854 1227 1005 1280 munere
1045 1203 1158 1279 abiret
1194 1197 1305 1306 (a),
1335 1201 1472 1296 idest,
1500 1197 1622 1276 menie
1637 1179 1805 1340 {⁹1:⁶33}-
1830 1301 1831 1306 Ν

244 1309 396 1428 Aprili,
418 1325 481 1419 qui
504 1320 597 1398 duos
619 1320 757 1398 menses
782 1324 867 1398 anni
895 1317 1105 1421 Olympiaci
1127 1318 1245 1396 „finem
1270 1322 1462 1420 praevertit
1505 1314 1586 1418 Jam
1606 1374 1617 1404 ‚
1639 1354 1714 1406 rm,

245 1430 357 1523 verd,
394 1435 502 1534 hujus
543 1437 630 1514 belli
656 1442 742 1514 anni
778 1435 965 1517 certill'rmt
991 1437 1214 1514 deliniuntur
1239 1429 1354 1514 arnria¹
1376 1459 1457 1532 50¹,
1487 1435 1618 1536 quibus
1634 1421 1806 1522 eruam

246 1574 375 1630 eorum
396 1555 534 1653 primus
565 1553 668 1632 distat
696 1556 740 1631 ab
760 1578 831 1645 eo,
855 1577 930 1655 qoo
954 1549 1221 1632 thxnein
1243 1547 1431 1630 Greciam
1455 1509 1806 1664 trajecitjfflffi

244 1682 402 1772 utroque
423 1673 462 1747 in
484 1675 760 1772 computatione
785 1669 926 1750 incluso
950 1664 1043 1776 (b);
1068 1669 1139 1748 live
1162 1685 1215 1766 48
1233 1689 1249 1759 ,·
1271 1667 1297 1746 st
1325 1685 1479 1772 uterque
1495 1669 1623 1748 exclu.
1638 1691 1669 1734 re
1690 1670 1781 1748 ooepit

245 1786 349 1864 datur
375 1777 457 1893 (c);
481 1811 550 1866 nee
578 1811 656 1866 non
687 1803 738 1880 69
763 1811 943 1866 annorum
972 1785 1112 1888 spatio,
1137 1789 1201 1889 qui
1230 1790 1324 1865 inter
1349 1787 1506 1885 ejusdem
1534 1787 1621 1864 belli
1639 1771 1716 1815 ³⁰⁰⁰
1743 1745 1803 1821 ul.

245 1901 378 1992 finem,
401 1902 472 1981 five
505 1927 641 1984 annum
668 1903 881 2005 vigesimum
907 1903 1135 2005 septimum,
1168 1905 1204 1980 dt
1237 1907 1381 2005 imperii
1406 1903 1619 1981 Arrunte·
1635 1845 1805 1995 {illene

246 2043 336 2097 ont
365 2019 421 2098 Μ.
444 2024 481 2098 in
509 2015 659 2100 Graeciaei
676 2026 841 2111 initium,
872 2019 979 2121 elapli
1001 2021 1080 2100 lunt
1093 2046 1104 2115 ;
1131 2024 1220 2098 item
1243 2009 1487 2100 celebratione
1512 2021 1621 2102 ludo·
1638 1998 1733 2080 m!

246 2159 328 2213 rum
361 2137 666 2239 olympiacorum
693 2140 852 2239 ejusdem
888 2161 985 2217 anno
1007 2149 1167 2240 quarto,
1192 2140 1230 2216 de
1259 2139 1509 2234 duodecimo;
1542 2153 1620 2218 tan·

246 2253 332 2330 dem
355 2257 466 2333 tribus
496 2254 685 2356 eclipsibus
708 2257 802 2335 Solis
823 2257 861 2332 δι
885 2255 957 2334 uni
986 2254 1116 2344 Lunae,
1146 2253 1384 2332 Trrucunr
1400 2279 1452 2332 nr
1480 2255 1628 2334 &er

246 2395 272 2447 n
285 2394 310 2446 o
325 2394 384 2448 err
400 2395 464 2448 on
477 2397 502 2448 τ
515 2397 529 2448 1
555 2377 771 2452 memoratis.
824 2366 939 2451 Portd
954 2395 1000 2450 ex
1014 2372 1070 2450 his
1085 2371 1147 2449 ille
1165 2429 1176 2460 ,
1191 2372 1487 2471 locupletiffimue
1501 2375 1629 2464 testie,'

246 2487 354 2564 refert
382 2483 449 2596 (d)
471 2491 648 2567 nuncium
673 2488 796 2568 obitis
820 2493 1147 2570 Artaxenxts
1179 2484 1416 2594 Longtmam',
1436 2479 1619 2597 prefiem

246 2617 354 2712 atque
379 2607 485 2706 inde,
504 2607 548 2684 ab
564 2599 834 2714 Athenierfibur
861 2606 1096 2710 quibusdam,
1112 2598 1279 2686 Athenas
1301 2606 1401 2686 inille
1429 2607 1614 2696 delatum,

992 2723 1088 2804 Aaa
1149 2747 1172 2808 a
1533 2723 1621 2810 belli

246 2951 391 3012 laieorum
412 2951 549 3018 menium
567 2950 730 3024 nominiboa
749 2953 793 3017 illi
809 2951 906 3034 appel·
956 2952 1032 3032 ptine
1053 2949 1093 3016 sui
1113 2951 1181 3014 anni
1202 2949 1312 3027 mensee
1338 2950 1556 3030 intelligebant:
1576 2951 1616 3014 se·

247 3031 351 3095 lentot.
960 3031 1076 3108 cundo,
1098 3033 1163 3112 quin
1187 3032 1349 3094 vaticinium
1372 3033 1428 3094 hoc
1454 3031 1552 3094 nititur
1569 3031 1618 3106 Je-

286 3111 478 3175 Ordiebantut
503 3132 610 3176 annom
646 3115 728 3176 civile
761 3115 849 3190 eraer·
870 3113 907 3179 ab
960 3122 1051 3174 remia
1087 3113 1123 3176 de
1147 3125 1186 3184 70
1220 3114 1301 3174 annio
1326 3112 1413 3174 exfilii
1441 3113 1576 3174 vaticinio
1605 3153 1615 3180 ,

247 3195 414 3274 aeqmnnetio
436 3194 611 3270 autumnali,
630 3196 845 3259 eeclefinsticum
859 3217 906 3260 au·
957 3195 1086 3273 adeoque
1110 3195 1147 3257 de
1172 3193 1299 3269 ejoldem
1331 3195 1474 3270 perieris,
1506 3209 1541 3254 ac
1569 3193 1632 3257 illi'

246 3286 305 3338 tent
333 3273 476 3349 ivern03
507 3295 542 3338 ac
571 3279 678 3354 primur
701 3279 783 3356 primi
813 3278 909 3344 ouius·
956 3289 996 3352 70
1032 3274 1113 3340 annia
1151 3273 1271 3352 intelligi
1296 3273 1416 3345 debete
1455 3276 1498 3336 illi
1520 3288 1616 3340 aetem

246 3377 301 3436 que
326 3356 395 3419 unni
415 3357 515 3420 meniis
540 3358 598 3420 dieo
619 3375 678 3421 erat
706 3358 755 3433 ia,
776 3379 832 3437 quo
852 3359 909 3442 pri·
959 3355 1023 3422 sunt
1047 3357 1178 3433 Judaiei:
1199 3355 1331 3419 traditum
1357 3357 1460 3435 quippe
1486 3355 1516 3416 id
1543 3357 1617 3418 vati-

247 3436 326 3500 mdm
350 3436 581 3514 abaequinoctio
604 3457 678 3504 nona
703 3438 771 3502 lona
802 3440 908 3521 conspi·
961 3441 1068 3503 oinium
1088 3436 1261 3514 [sermea]
1286 3439 1315 3498 in
1336 3435 1447 3510 ludaei,
1476 3449 1542 3498 ante
1571 3456 1619 3502 ex·

248 3519 384 3582 elebatur·
958 3520 1048 3584 filium
1071 3519 1193 3582 Gentio:
1224 3533 1258 3579 ac
1284 3516 1400 3580 tandem
1428 3517 1493 3595 quia
1516 3523 1619 3584 Daniel

287 3600 367 3662 ilum
392 3597 539 3659 Chaldaeo
563 3597 668 3664 mimae
685 3601 803 3676 judaeo
833 3621 909 3664 anno
958 3621 1099 3663 annorum
1120 3597 1346 3660 hebdomadibus
1368 3609 1536 3677 computat,
1555 3619 1617 3676 que

248 3677 311 3742 uiua
346 3679 379 3740 fit
407 3682 540 3748 Daniel,
570 3699 629 3743 non
659 3685 698 3744 est
724 3686 821 3759 magni
849 3703 910 3744 mo·
959 3680 1147 3760 computandi
1176 3678 1246 3742 ratio
1259 3679 1394 3753 'Judatrls
1423 3680 1505 3740 annis
1533 3698 1618 3756 pecu.

196 3837 199 3842 Ι
248 3761 364 3834 menti,
389 3757 457 3823 crim
485 3761 637 3824 discrimen
657 3763 831 3841 ungulorum
860 3783 909 3826 an-
957 3763 1032 3826 liaris
1060 3765 1106 3826 est.
1139 3759 1250 3822 Horum
1278 3761 1376 3834 enim3
1410 3761 1451 3822 uti
1477 3759 1537 3822 dies
1567 3783 1618 3842 per

249 3841 578 3904 norunotantummodo
613 3843 661 3905 sex
686 3846 818 3910 horarum
846 3844 906 3920 fit,
958 3843 1103 3922 septidua,
1124 3840 1243 3906 ioanni
1265 3859 1313 3920 per
1339 3841 1482 3918 septennia
1503 3844 1619 3922 collige·

249 3923 566 4068 tituletis}
583 3923 684 4072 itii
702 3925 912 4083 ferilli:
960 3925 1135 4068 illiti
1148 3919 1621 4072 tifflzttlltttttilt

248 4083 291 4146 sec
309 4085 385 4162 apud
402 4103 469 4146 eum
488 4085 554 4147 sunt
575 4088 705 4163 Iudaici:
730 4086 832 4169 primo,
847 4088 911 4163 quia
959 4087 1066 4166 septem
1088 4083 1224 4161 ejusmodi
1255 4081 1449 4148 hebdomades
1469 4049 1629 4160 Jubilleum,

249 4168 353 4224 Daniel
379 4179 438 4226 erat
456 4165 596 4242 Jndaeus,
623 4188 656 4233 ac
675 4170 763 4246 Judaer·
787 4214 797 4244 ‚
827 4169 912 4231 etiam
960 4165 1161 4232 conficiebant·
1626 4161 1632 4176 ’

251 4247 460 4306 &alienorum
477 4248 614 4312 menium
638 4251 802 4319 nominibus
818 4293 828 4328 ,
846 4267 913 4332 pto·
1627 4274 1630 4290 ¹

290 4330 338 4404 [a]
365 4322 547 4404 Thucydideo
567 4331 587 4394 l.
612 4347 659 4397 rt.
992 4331 1039 4406 [e]
1057 4329 1173 4394 Eratolb
1202 4329 1278 4412 apud
1308 4325 1473 4396 clementer
1504 4327 1624 4394 Alexan-
1674 4400 1676 4406 ,

292 4411 338 4484 [l]
365 4407 446 4473 Idem
465 4407 584 4476 ibidem,
963 4411 1084 4477 deinum.
