4500 5812
14 4538 18 4567 r

18 4578 23 4625 l

372 343 1483 449 OBSERVAY.1NDANIEL;
1573 371 1661 464 περ

249 509 354 614 Judae
378 523 416 600 dc
440 521 621 604 Chronica
652 519 797 630 Regum
817 515 957 626 israela
983 524 1216 627 composuit3
1250 541 1357 630 atque
1383 551 1429 608 eo
1449 525 1554 628 patto
1577 524 1656 602 haec
1682 563 1832 626 mam„

257 639 345 720 Asta
365 643 404 717 in
419 662 536 720 unum
553 641 762 740 coniunxit,
788 644 882 740 justo
900 655 1109 744 temporum
1128 643 1255 723 ordine
1274 644 1432 734 servat0,
1452 641 1534 746 ipsrs
1548 646 1656 721 etiam
1682 649 1731 708 tio·

258 757 460 838 ludorum
476 760 593 836 verbis
605 757 806 860 descriptis,
835 775 877 838 ut
902 761 986 838 inde
1005 775 1122 862 patet,
1152 760 1254 864 qudd
1273 762 1418 863 Regum
1438 764 1476 840 dc
1499 759 1657 842 Chroni-

260 876 388 956 corum
406 875 488 956 libu'
505 873 687 977 saepissime
705 876 846 954 interse
865 877 904 956 in
922 880 1059 968 verbis,
1080 905 1144 980 per
1157 884 1252 958 varia
1266 884 1438 960 continua
1451 894 1651 966 commata,

258 998 489 1074 conveniunt
521 993 753 1096 Ubicumque
778 999 1000 1074 conveniunt
1017 997 1138 1086 sensu,
1163 1001 1274 1075 etiam
1291 1002 1513 1076 conveniunt
1524 998 1651 1075 verbis.
1758 1043 1763 1048 -

316 1110 452 1192 Eidem
475 1115 613 1189 ratione
634 1113 800 1190 vaticmia
819 1111 922 1192 Isrr
935 1139 988 1202 re,
1017 1113 1158 1192 diversis
1182 1115 1406 1216 temporibus
1419 1116 1619 1217 conscripta
1637 1169 1649 1199 ‚
1678 1121 1723 1185 De
1732 1117 1844 1199 scriptis

256 1231 296 1308 ln
319 1251 436 1309 unum
450 1253 582 1330 corpus
603 1225 767 1331 redegit,
792 1244 900 1332 atque
914 1230 1013 1308 idem
1033 1231 1118 1311 secit
1135 1233 1172 1310 in
1194 1229 1421 1336 Jennmn
1440 1259 1481 1312 ac
1495 1235 1652 1336 reliquo·
1680 1201 1804 1349 gfff*

211 1421 216 1430 .
256 1371 360 1437 rum,
393 1347 503 1450 usq'ue
525 1347 571 1425 ad
588 1347 785 1428 secundum
805 1348 1027 1448 Templum,
1058 1349 1283 1429 Prosetarum
1305 1355 1488 1428 vaticiniis.
1545 1351 1654 1434 Liber

247 1463 394 1566 Joure
418 1465 525 1563 hujus
544 1465 857 1544 Profetae'historia
878 1467 928 1542 est
945 1467 989 1542 ab
1013 1466 1083 1542 alio
1102 1463 1309 1569 conscripta.
1342 1467 1451 1546 Liber
1469 1469 1508 1550 D
1520 1472 1579 1547 ru
1591 1476 1603 1546 i
1616 1493 1655 1546 u·

256 1607 330 1661 urs
361 1585 411 1661 est
434 1582 598 1662 eollesb'o
621 1582 830 1660 libellorum
851 1581 993 1660 diversis
1010 1583 1289 1684 perscriptorum
1307 1587 1540 1686 temporibus.
1584 1587 1655 1665 Sex

159 1791 167 1804 ι
256 1702 454 1802 posteriora
472 1701 587 1800 capita
610 1703 773 1779 vaticinia
790 1703 999 1788 continent,
1026 1725 1105 1802 quae
1123 1700 1265 1780 diversis
1277 1707 1501 1804 temporibus
1521 1703 1655 1806 scripsit

252 1818 329 1920 ipse
351 1817 563 1898 Dnnruu.
597 1817 666 1896 Sex
688 1820 808 1919 priora
833 1816 914 1896 sunt
930 1816 1179 1897 historicarum
1196 1824 1442 1899 narrationum
1461 1821 1651 1910 colletlio,

250 1959 343 2038 quas
376 1935 435 2016 alii
468 1939 507 2012 in
533 1935 665 2015 litteras
688 1933 897 2014 retulerunt.
956 1934 1078 2036 Caput
1105 1940 1265 2037 primum
1293 1940 1375 2038 post
1404 1935 1654 2019 Deme-ms

250 2069 415 2132 mortem
429 2054 696 2132 exaratumestt
730 2055 778 2132 ait
800 2055 935 2155 quippe
953 2056 1027 2152 ejus
1051 2053 1186 2133 Auttor
1212 2053 1480 2136 Dnnrsruu
1492 2047 1654 2160 florurffi

244 2167 362 2280 sesque
381 2169 434 2248 ad
453 2195 590 2248 annum
603 2175 764 2276 primm
788 2169 915 2250 Crat
940 2164 1047 2274 nego
1071 2173 1181 2272 (a),
1215 2173 1339 2262 idest,
1364 2173 1409 2250 ad
1427 2197 1563 2251 annum
1580 2176 1654 2274 pri·

254 2313 384 2378 mum,
408 2315 484 2392 quo
508 2292 536 2366 is
554 2283 668 2392 Pcrsts
689 2311 732 2366 ac
759 2276 906 2374 Medo,
928 2292 1080 2366 tertium
1097 2302 1236 2377 autem,
1259 2314 1334 2391 quo
1355 2283 1563 2392 Babyhniis,
1585 2293 1654 2366 im·

86 2417 93 2428 '
247 2412 403 2508 petavii.
464 2403 598 2485 Eisdem
618 2407 663 2482 de
684 2404 787 2484 causi
807 2408 976 2520 quintum
999 2409 1106 2483 etiam
1119 2409 1158 2482 dc
1180 2405 1320 2484 sextum
1340 2409 1422 2508 post
1441 2406 1546 2508 tpfius
1570 2407 1652 2486 obi·

143 2587 146 2594 .
247 2537 336 2616 urm
358 2525 558 2625 conscripta
580 2521 679 2603 fuisse
702 2522 925 2602 statuendum
953 2523 1035 2600 est:
1068 2523 1157 2602 Haec
1176 2527 1273 2600 enim
1295 2524 1455 2626 ipsorum
1475 2526 1653 2626 postrema
1713 2627 1716 2636 ι

248 2645 394 2721 uerba:
427 2641 626 2754 Drusus
650 2641 709 2742 iste
735 2631 891 2746 prosper>
919 2644 992 2745 egit
1022 2643 1062 2717 in
1092 2667 1197 2744 regno
1227 2636 1453 2731 Danu&
1485 2647 1526 2719 in
1548 2663 1653 2744 regno

246 2757 382 2842 Cuar
407 2753 514 2858 Perse
534 2787 542 2836 :
574 2760 668 2856 Quae
686 2775 807 2838 tamen
828 2761 936 2836 verba
953 2757 1071 2836 addita
1081 2757 1180 2838 suilse
1197 2757 1342 2860 possunt
1359 2761 1403 2837 ab
1422 2785 1478 2848 eo,
1499 2763 1561 2862 qui
1575 2759 1652 2838 haec

249 2877 383 2979 scripta
411 2875 581 2976 collegit,
616 2901 726 2978 quem
746 2899 817 2976 ego
840 2877 988 2978 quidem
1007 2873 1208 2955 Esonnu
1231 2875 1332 2954 suilse
1352 2877 1526 2955 existimo.

236 3089 239 3094 ,
315 2989 1807 3099 Pfirlrni‚lslsose,Dnvrue‚aliisquecompofiti,abeodemnepffl,
1894 2987 1897 2992 ’

247 3111 367 3192 etiam
387 3111 546 3193 Esunn
571 3117 609 3190 in
635 3137 752 3192 unum
769 3112 931 3212 congesti
945 3109 1118 3190 volumen
1132 3111 1307 3190 videntur.
1369 3109 1479 3191 Hunc
1501 3127 1650 3214 propte·
1669 3117 1734 3181 mie

247 3255 314 3310 rea
326 3229 475 3310 illorum
489 3231 719 3310 colledorem
733 3229 881 3318 censeo,
915 3226 1017 3334 qudd
1033 3228 1097 3308 illo
1113 3233 1152 3306 in
1173 3229 1360 3308 volumine
1376 3228 1531 3308 Psalmos
1546 3229 1652 3332 quos-

247 3349 342 3428 dam
364 3373 440 3428 non
461 3365 543 3427 ante
568 3353 810 3450 captivitatem
830 3339 1080 3456 Babylonicum
1103 3347 1323 3448 conscriptos
1346 3350 1547 3436 inueniam,
1571 3347 1651 3427 nul-

249 3467 311 3547 los
335 3471 455 3546 a'utem
477 3467 536 3544 illb
557 3482 722 3568 tempore
746 3467 969 3568 posteriores.

314 3586 399 3666 Post
420 3585 496 3664 haec
515 3584 810 3664 Aurrocuus
836 3575 1038 3689 Epiphanes
1061 3583 1259 3686 Templum
1280 3583 1449 3685 diripuit,
1471 3575 1598 3674 Iudaea
1611 3598 1652 3664 ut
1672 3595 1715 3699 oe
1731 3595 1797 3696 urle

251 3699 276 3784 b
299 3704 382 3806 lege
404 3704 612 3782 recederent
630 3701 744 3802 juffit,
771 3726 921 3803 poenam
936 3705 1084 3789 mortis,
1105 3703 1370 3790 niobedirent,
1396 3707 1646 3791 comminatus,
1671 3680 1787 3823 Qm’
1795 3753 1837 3820 0st

251 3817 386 3917 Libros
403 3822 541 3911 sacros,
567 3824 788 3923 ubicumque
810 3819 1069 3921 reperiundos,
1094 3819 1178 3898 secit
1194 3821 1371 3898 comburi.
1406 3819 1524 3922 Atque
1549 3823 1588 3896 in
1609 3819 1650 3897 el
1671 3781 1821 3918 ndnylobi.

255 3959 379 4020 serum
390 3941 658 4042 perturbatione
678 3939 768 4017 liber
782 3938 1051 4018 Chronicorum
1064 3937 1209 4038 Regum
1220 3932 1358 4039 ssra'e‘lis
1374 3937 1515 4040 prorsus
1532 3939 1646 4038 periit.
1669 3941 1732 4020 9³¹¹?
1752 3941 1818 3999 ΙΨ·

256 4053 398 4136 Verum
417 4059 481 4138 ubi
503 4081 549 4136 ex
567 4058 635 4137 hac
660 4053 886 4160 oppressione
911 4054 1121 4156 Respublica
1148 4054 1310 4144 emersit,
1347 4054 1403 4157 Ju
1416 4073 1502 4132 ons
1530 4043 1648 4166 Mac·
1672 4014 1823 4072 mmm

253 4167 411 4266 sabens,
443 4201 681 4278 quecumque
703 4177 858 4276 ‘reperiri
878 4187 1098 4278 potuerunt,
1124 4172 1252 4274 scripta
1276 4171 1424 4273 collegit
1446 4165 1542 4271 (b):
1566 4193 1648 4274 ques

258 4291 348 4374 dum
387 4293 516 4375 ordine
548 4294 841 4396 disponerentur,
872 4317 952 4394 pars
988 4293 1241 4369 vaticiniorum
1266 4289 1427 4379 Isnro,
1463 4303 1524 4368 aut
1561 4290 1648 4369 alte·

259 4411 513 4504 tiasProsetae,
536 4410 671 4491 chu
682 4438 703 4489 Α
716 4437 805 4491 rure
827 4411 999 4504 vaticiniis
1011 4407 1080 4487 suit
1096 4407 1252 4507 adjesta,
1270 4407 1359 4485 liber
1374 4403 1461 4488 verd
1479 4404 1646 4488 Esurire

271 4525 369 4632 ἸΙῘ
394 4519 559 4609 Nearoni
577 4521 786 4638 Opscus«,
817 4527 926 4609 Tom.
959 4525 1033 4608 111.
1275 4523 1351 4606 00
1447 4527 1451 4536 '
1626 4519 1651 4606 b

338 4671 497 4781 (alliun.
514 4680 539 4750 1.
562 4678 616 4746 ult.
1008 4677 1073 4758 (b)
1094 4693 1122 4740 e.
1145 4673 1330 4747 marubii.
1355 4691 1401 4752 ιφ
1550 4700 1555 4740 ι
