4456 5800
622 441 706 526 124
946 410 1448 504 OPUSCULUM
1502 412 1729 529 XXlIl.

441 567 539 645 GAP·
562 569 587 646 1.
616 569 734 650 Urbes
758 562 915 678 Europe
939 571 1104 651 conditas
1132 571 1232 650 luille
1256 574 1319 648 vix
1342 584 1424 648 ante
1444 569 1531 648 duas
1564 586 1625 646 aut
1647 586 1717 649 tres
1739 569 2001 655 Generationev'

617 703 699 766 ante
729 687 839 790 quim
863 689 1084 769 Caunus
1110 689 1130 768 ὲ
1156 683 1285 768 Sidone
1308 692 1346 766 in
1376 683 1560 765 Graeciam
1594 690 1798 788 migravit3
1835 693 1871 768 ὃς
1905 693 1999 772 hisce

613 807 721 884 rebus
748 809 868 884 ansam
904 805 1035 904 dedisse
1062 805 1234 908 perquam
1278 805 1465 906 probabile
1511 806 1561 881 est
1595 806 1844 907 expulfionem
1876 809 2001 891 Pasto-

613 947 695 1001 rum
727 949 776 1001 ex
813 919 975 1033 AEgypto
1005 927 1232 1025 temporibus
1261 923 1345 1004 Etr
1364 927 1401 1002 &
1426 922 1684 1000 sinueris
1714 921 1998 1028 eorumquefre-

455 1093 467 1105 -
554 1127 557 1132 ¹
612 1045 802 1142 quentium
838 1047 1034 1120 adventum
1069 1048 1108 1118 in
1145 1038 1360 1120 Graeciam:
1401 1041 1461 1119 sed
1496 1025 1642 1118 difficile
1677 1044 1727 1118 est
1756 1043 1848 1122 rede
1880 1045 1999 1146 dispo-

610 1183 698 1236 nere
727 1159 969 1260 Genealogias
998 1161 1035 1236 da
1068 1159 1357 1262 Chronologiam
1384 1159 1608 1237 Saeculorum
1631 1159 1879 1240 fabulosorum
1895 1157 2001 1251 Grav-
2142 1217 2146 1228 ,

612 1275 675 1354 eiae
688 1301 700 1370 3
735 1279 772 1353 dc
794 1279 870 1356 hec
894 1277 1023 1356 melius
1047 1281 1286 1382 examinanda
1307 1279 1486 1378 relinquo.
1772 1347 1775 1352 .

701 1391 796 1471 Ante
820 1392 928 1496 qubm
945 1387 1118 1474 Phunicii
1147 1394 1426 1476 introduxissent
1449 1397 1560 1472 ritum
1591 1406 1759 1474 mortuos
1780 1400 1875 1474 iuter
1894 1395 1998 1476 Deos

616 1510 850 1602 recensendi,
887 1508 1021 1590 Graan
1057 1526 1157 1591 erant
1195 1517 1234 1592 in
1268 1513 1415 1612 lingulis
1446 1513 1595 1590 urbibus
1623 1513 1835 1592 Conventus
1869 1515 1998 1594 Senio-

616 1653 782 1708 tumeas
815 1635 1045 1729 regentium,
1081 1633 1118 1708 &
1145 1633 1278 1727 locus,
1312 1633 1374 1708 ubi
1411 1630 1578 1708 Seniores
1608 1633 1644 1707 ἃ
1679 1630 1841 1732 Populus
1871 1631 1997 1712 Deum

614 1747 720 1824 suum
760 1745 935 1825 sacrificiis
962 1749 1134 1828 colebant
1143 1775 1155 1845 3
1193 1752 1255 1839 dc,
1282 1747 1308 1826 fi
1338 1749 1488 1850 quando
1515 1749 1635 1849 plures
1662 1747 1801 1839 Urbes,
1828 1774 1997 1830 commu-

614 1867 672 1940 nis
699 1863 816 1942 salotis
849 1865 975 1956 cauli,
1013 1869 1075 1944 iub
1103 1871 1291 1944 communi
1321 1868 1515 1948 Conventa
1543 1867 1719 1956 coibant,
1749 1872 1788 1944 in
1810 1867 1928 1970 aliqui
1951 1894 1998 1947 ex
2116 1917 2120 1920 -

614 1979 773 2060 Urbibus
801 2002 876 2062 erat
914 1983 1139 2088 Prytaneum
1166 1999 1226 2062 aut
1257 1986 1365 2066 Curio
1394 2043 1405 2073 ,
1435 1987 1500 2062 ubi
1523 1982 1733 2062 Concilium
1769 1977 1996 2086 &Populus

614 2104 720 2178 certis
748 2104 978 2202 temporibus
1000 2105 1268 2200 conveniebant
1295 2103 1449 2205 publicae
1488 2101 1592 2178 saluti
1627 2101 1853 2192 consulturi,
1892 2128 1998 2182 com-

612 2241 762 2295 munem
786 2217 911 2324 Deum
936 2220 1112 2298 sacrificiis
1140 2225 1362 2312 veneraturi,
1385 2220 1630 2296 &nundinas
1655 2220 1892 2298 celebraturi:
1924 2219 1998 2299 Ur-

486 2319 493 2340 '
611 2335 700 2426 bes,
730 2339 768 2412 in
800 2339 930 2440 quibus
964 2340 1271 2428 conveniebatur,
1304 2329 1430 2415 Greci
1449 2325 1660 2416 dicebantur
1695 2350 1804 2440 stiffi
1828 2337 1993 2438 Populi,

476 2521 480 2529 ,
615 2443 930 2546 communitates,
963 2468 1024 2534 aut
1067 2455 1338 2536 communitatis
1379 2454 1525 2546 Urbes3
1567 2467 1706 2554 atque,
1742 2460 1910 2556 tempore
1944 2459 1997 2534 la·

501 2649 515 2680 ο
610 2572 745 2670 bente,
779 2571 1012 2673 cumplures
1044 2597 1092 2650 ex
1125 2573 1222 2652 hisce
1248 2591 1348 2678 alpes,
1373 2572 1580 2650 communis
1610 2570 1728 2648 salutis
1755 2573 1857 2650 causa
1882 2574 1916 2650 se
1938 2577 1995 2652 in-

609 2693 727 2768 vicem
761 2696 960 2790 junxerunt
989 2693 1248 2768 convenientes
1287 2692 1350 2768 sub
1383 2712 1461 2765 uno
1492 2687 1695 2777 Concilio,
1722 2691 1760 2764 in
1798 2691 1923 2792 aliquo
1941 2715 1994 2771 ex

609 2809 681 2888 istis
717 2811 817 2902 fiper,
844 2805 1075 2910 Prytaaenm
1109 2808 1339 2895 statuerunt,
1374 2809 1437 2882 ubi
1466 2828 1665 2883 commuue
1703 2805 1913 2884 Concilium
1954 2812 1993 2886 &

568 3013 575 3018 ,
606 2927 770 3030 Populus
794 2929 1053 3020 convenirent,
1079 2923 1225 3003 confilia
1255 2938 1442 3025 caperent,
1471 2923 1682 3012 adorarent,
1714 2939 1989 3018 mercarentur,

608 3050 858 3149 epularentur3
887 3049 924 3123 &
955 3103 965 3134 ‚
998 3038 1073 3144 qud
1103 3046 1216 3120 tutior
1247 3043 1331 3120 ellet
1359 3059 1446 3142 iupa,
1478 3041 1569 3134 ille,
1599 3039 1700 3118 vallis
1723 3043 1888 3145 undique
1919 3049 1993 3124 cir.

480 3172 482 3181 '
607 3167 810 3245 conclusus
839 3163 977 3242 erat&
1010 3161 1281 3261 appellabatur,
1300 3163 1451 3249 astari,
1479 3159 1629 3247 civitas,
1663 3159 1778 3254 urbs3
1809 3163 1846 3238 &
1871 3161 1987 3254 haec,

605 3285 767 3382 opinor,
799 3283 868 3359 fuit
899 3282 1006 3376 origo
1030 3276 1235 3376 Pagorum,
1271 3275 1560 3378 Emporiorum,
1588 3279 1844 3354 communium
1881 3278 1990 3358 Con.

583 3409 802 3492 'ventuum,
839 3395 1082 3496 Templorum
1120 3393 1340 3482 Vestalium,
1382 3391 1617 3493 Epularum,
1653 3393 1988 3477 &Nundinarum

602 3522 641 3594 in
673 3507 849 3621 Europd:
882 3513 1130 3617 Prytaneum,
1165 3527 1255 3614 πυρὸς
1271 3532 1426 3611 repen,
1456 3524 1530 3586 erat
1554 3509 1677 3587 forum
1705 3535 1789 3590 cum
1816 3514 1905 3593 loco
1939 3519 1991 3596 ad

599 3583 675 3716 Del
706 3635 844 3712 cultum
859 3578 1071 3761 liessinato,
1098 3630 1162 3708 ubi
1185 3623 1289 3728 lupe'r
1314 3625 1433 3707 Altare
1459 3628 1554 3724 ignis
1589 3645 1783 3728 perpetuus
1806 3631 1850 3708 ad
1876 3633 1991 3712 sarri-

599 3754 780 3832 ficandum
806 3749 1059 3828 allrrvabatur:
1110 3771 1157 3825 ex
1187 3747 1297 3822 verbo
1324 3763 1416 3840 *εςία
1440 3799 1451 3832 ,
1478 3743 1588 3849 ¹quod
1621 3748 1745 3844 ignem
1774 3745 1992 3852 fignificat,

598 3887 720 3950 ortum
751 3873 801 3949 est
824 3894 961 3946 nomen
989 3859 1128 3970 Veste,
1157 3887 1265 3965 quam
1300 3863 1458 3964 denique
1487 3858 1648 3961 Populus
1677 3867 1716 3939 in
1740 3863 1860 3944 Deam
1888 3892 1994 3948 con·

598 3994 725 4079 vertit,
763 3987 867 4065 &fic
891 3985 1001 4063 fanus
1028 3985 1078 4062 est
1106 3986 1200 4082 ignis
1231 3981 1426 4092 adorator,
1451 3994 1493 4056 ut
1520 3995 1620 4056 erant
1650 3985 1790 4083 antiqui
1822 3976 1950 4090 Perfio
1980 4015 1990 4066 :

596 4103 680 4184 cum
706 4124 826 4182 autem
854 4105 1019 4184 Consilia
1049 4101 1110 4178 illa
1132 4123 1217 4178 cum
1241 4097 1401 4175 finitimis
1432 4097 1570 4176 balium
1599 4100 1798 4198 gerebant,
1828 4099 1994 4185 Ducem

594 4221 794 4309 habebant,
824 4225 887 4323 qui
911 4225 981 4300 toti
1001 4221 1179 4297 exercitui
1208 4216 1430 4315 imperabat,
1464 4216 1501 4291 ἃ
1532 4239 1661 4294 eorum
1689 4215 1771 4296 Rex
1800 4218 1920 4298 evafit.
2221 4219 2222 4260 r

678 4337 739 4416 Sic
779 4335 800 4414 a
841 4337 1166 4414 Tuocvuroe
1204 4335 1277 4439 (p)
1313 4332 1519 4422 discimus,
1555 4329 1657 4438 quod
1687 4337 1751 4413 sub
1784 4333 1987 4421 Caeso.

590 4475 642 4530 aa
674 4447 724 4544 U*
744 4443 875 4564 priscis
903 4449 1054 4560 Regibus
1086 4451 1139 4530 ad
1172 4451 1423 4530 Tuaseusr
1461 4442 1577 4557 usqua
1609 4502 1623 4555 ,
1662 4447 1782 4537 Attica
1811 4454 1987 4536 vicatim
2035 4543 2040 4552 ,

1868 4571 1988 4655 babi-

570 4687 573 4694 ’
661 4748 731 4838 1„
754 4745 886 4828 rauna.
908 4745 933 4818 1.
955 4761 987 4814 2.
1005 4765 1037 4832 ρ.
1062 4761 1129 4812 110·
1156 4741 1348 4814 arvernor-
1373 4739 1546 4821 naheren
1656 4834 1660 4840 .
