4500 5812
233 379 234 382 Ὗ
354 333 1447 494 ὀιιιεινΑπιΝιιΑΝιΕι
1559 429 1642 514 2⁶7

258 557 510 662 metaphoricis
537 557 598 636 illa
632 583 684 636 ex.
703 559 883 666 lapidibus
919 554 1089 662 pretiosas·
1111 561 1260 640 condita
1291 561 1443 653 dicitur,
1473 585 1644 670 novaque
1659 595 1826 689 smmi,

260 705 304 760 ac
328 669 472 782 caelestes
489 665 741 786 Hiarofhlymae
760 737 771 769 ,
787 667 921 784 straba
947 677 1102 764 civitas,
1132 671 1241 758 Uxor
1254 673 1380 784 asgeri,
1408 679 1543 760 civitat
1568 707 1643 760 ma·
1659 709 1689 749 ra
1712 689 1827 758 Halon.
1976 679 1980 694 '

254 796 324 904 gni
358 790 486 902 Regis,
528 789 649 885 Urbs,
680 801 719 875 in
749 821 858 906 qaam
880 789 1209 902 Reges-terrarum
1225 795 1383 902 gloriam
1413 792 1461 886 25.
1484 797 1645 878 honorem
1660 771 1769 845 maes,

252 906 370 1027 sarum
383 903 574 1020 conferunt
589 905 678 1020 (a),
705 927 946 1018 nuncupatur.
1007 912 1130 1006 cum,
1152 938 1264 1014 ergo,
1290 918 1468 1016 ejusmodi
1495 921 1540 996 ab
1559 917 1648 996 exsr-
1664 971 1706 1036 Ad
1725 969 1799 1032 atte-

260 1035 314 1112 lio
338 1033 495 1112 reditum
528 1032 794 1132 exspatiatus,
837 1037 944 1112 etiam
975 1049 1057 1114 ante
1090 1033 1351 1114 Dentatis
1380 1050 1573 1136 tempora,
1603 1026 1790 1142 ls-rumnu-

163 1159 167 1166 '
261 1150 403 1230 tablira
414 1208 431 1260 ,μ
457 1175 531 1228 non
561 1151 669 1228 video
692 1151 763 1250 qub
790 1153 836 1230 de
862 1149 965 1232 cauli
989 1133 1831 1276 illuminsuouaticInioDnu1a1.v¹¹;t¹}¹c}¹n‘}f¹¹²²

262 1272 458 1348 omitteret.
518 1265 622 1365 Hac,
650 1271 785 1368 igitur,
817 1273 975 1348 vaticinii
1005 1287 1105 1374 parte
1133 1271 1304 1352 nondum
1335 1272 1541 1371 completis,
1570 1297 1646 1370 nou
1663 1296 1792 1360 retertur.

262 1385 436 1488 equidem
460 1385 621 1464 distinile
662 1386 761 1468 illam
791 1389 973 1489 explicare
1007 1391 1226 1491 adgrediar,
1264 1384 1387 1466 verbm
1414 1375 1494 1467 satis
1517 1389 1650 1470 ducam

263 1498 488 1600 obserasse,
521 1500 648 1604 quod,
672 1502 775 1584 ficuti
803 1507 1051 1606 septuaginta,
1082 1510 1119 1584 dr
1142 1507 1325 1606 sexaginta
1349 1509 1429 1586 duae
1448 1508 1652 1587 hebdoma-

266 1623 356 1713 des,
386 1615 466 1730 (de
499 1623 630 1722 quibus
659 1633 809 1721 mox,)
842 1623 1090 1704 hebdomades
1110 1619 1283 1726 Juaaiaa
1305 1625 1472 1712 fuerunt,
1499 1647 1652 1728 quarum

262 1739 483 1840 singularum
511 1739 683 1839 postremi
706 1742 809 1832 dies,
851 1741 965 1819 idest
1001 1747 1110 1833 anni,
1142 1743 1224 1820 sunt
1251 1745 1336 1820 anni
1361 1743 1576 1837 sabbathici3
1604 1749 1653 1822 ita

261 1857 401 1959 septem
427 1856 720 1938 hebdomadibus
739 1857 883 1961 Jubilaei
906 1863 1087 1938 contineri
1109 1863 1324 1954 circuitum,
1347 1858 1476 1961 edsque¹
1497 1859 1653 1962 Jubilaeo

264 1978 437 2076 congruis
462 1977 624 2076 incipere
654 2000 696 2054 ac
715 1976 809 2054 liniri
836 1977 942 2056 rebus
991 1975 1070 2056 imo
1099 1979 1278 2078 ejusmodi
1305 1993 1348 2056 ut
1375 1979 1485 2056 nullae
1514 1980 1656 2058 accide-

263 2119 300 2178 re
324 2109 487 2194 queant,
524 2107 674 2194 propter
703 2121 792 2196 quas
823 2099 952 2193 majori
976 2099 1055 2193 jure
1084 2095 1279 2198 Jubilaeum
1310 2096 1511 2174 celebretur
1540 2123 1548 2174 :
1576 2112 1656 2174 mm

266 2213 303 2288 dr
327 2210 448 2300 sorte,
478 2213 656 2312 quoniam
681 2212 892 2316 mandatum
924 2215 967 2290 ad
998 2213 1256 2292 revertendum
1291 2213 1400 2290 &ad
1428 2212 1654 2292 aedificandas

264 2321 531 2434 Hierosolymo
562 2317 743 2437 Meffiam
766 2329 970 2432 Principem
994 2335 1094 2410 annIs
1120 2354 1173 2432 49
1203 2331 1399 2432 precedit,
1416 2331 1495 2407 sore
1524 2347 1565 2408 ut
1580 2334 1654 2429 ejus

264 2447 425 2526 mandati
458 2445 561 2527 causo
585 2437 663 2523 non
688 2447 754 2549 ipsi
784 2446 951 2526 exsistant
986 2439 1131 2546 Judai,
1156 2448 1216 2526 sed
1246 2447 1342 2526 aliud
1368 2443 1554 2549 quoddam
1585 2447 1657 2526 Re·

263 2588 381 2664 gnum
409 2562 491 2666 ipsis
514 2568 697 2654 amicum,
723 2580 831 2668 atque
854 2565 946 2644 illud
971 2565 1133 2668 Ipsorum
1151 2567 1196 2642 ab
1224 2563 1351 2642 exsilio
1380 2565 1537 2642 reditum
1555 2580 1657 2642 ante-

266 2683 392 2768 cedat,
421 2679 529 2784 elque
554 2681 783 2760 occasionem
812 2685 968 2784 praebeat
994 2709 1002 2760 :
1026 2681 1219 2784 Denique,
1240 2683 1337 2762 hanc
1362 2685 1656 2764 instaurationem

266 2789 627 2902 Hierosolymorum,
657 2797 948 2902 desertorumque
974 2805 1011 2878 io
1040 2795 1171 2880 Judaeb
1186 2802 1351 2889 urbium,
1373 2803 1521 2900 praedici
1536 2800 1654 2880 Micb.

265 2913 369 2998 VII.
403 2936 466 2994 11.
498 2915 619 2995 Amofi
646 2917 724 2998 lX.
759 2945 833 3008 11,
868 2944 927 3015 14.
962 2919 1067 2998 Ezelt
1101 2915 1327 2999 XXXVI.
1353 2941 1426 3010 33,
1461 2941 1540 3011 35,
1575 2933 1655 3010 36a

270 3049 335 3128 38.
367 3032 453 3112 Esai.
480 3031 593 3112 LIV.
616 3060 662 3128 3,
693 3063 766 3126 ιι,
801 3062 865 3114 12.
889 3035 1059 3117 LV.12.
1082 3035 1196 3114 LXI.
1226 3059 1262 3130 4.
1294 3032 1431 3114 LXV.
1467 3051 1539 3124 18,
1575 3059 1655 3123 21,

268 3175 333 3232 22.
358 3151 545 3252 &Tobiae
573 3151 698 3232 XIV.
719 3179 750 3252 ς,
767 3179 809 3234 ac
836 3155 992 3232 reditum
1012 3157 1055 3232 ab
1080 3153 1205 3230 exsilio
1226 3155 1268 3228 -&
1296 3153 1491 3230 adrentum
1504 3141 1658 3260 bstfflae
1685 3175 1687 3188 ’

267 3259 461 3372 Regnlque
483 3273 561 3366 ejus
585 3271 735 3350 describi
762 3271 927 3350 Danielis
952 3270 1048 3350 VII.
1063 3273 1177 3370 Apoc.
1199 3267 1327 3348 XIX.
1363 3269 1437 3346 nu.
1467 3269 1494 3359 I,
1520 3268 1653 3348 Mattio

266 3385 414 3468 XXIV.
434 3385 547 3490 Joelis
564 3387 624 3467 lll.
642 3387 750 3468 Ezek.
768 3387 945 3470 XXXV
949 3389 973 3466 I.
998 3386 1258 3470 XXXVII.
1280 3383 1365 3464 Esai.
1388 3385 1484 3466 LX.
1510 3385 1656 3466 LXII.

125 3581 127 3585 ,
266 3504 446 3590 LXIII.
470 3505 610 3586 LXV.
645 3505 814 3588 LXVI.
848 3506 1082 3608 plurimisque
1109 3507 1183 3583 aliis
1212 3503 1405 3604 Scripturas
1429 3507 1531 3582 locis.
1564 3503 1655 3599 Quo

267 3615 388 3702 autem
413 3625 530 3700 modo
552 3625 629 3702 lraec
658 3639 827 3704 euentura
856 3623 925 3702 sant
947 3629 1092 3721 ignoro.
1136 3623 1300 3722 Tempus
1330 3624 1595 3725 iuterpretatur.

353 3733 489 3818 Adbuc
504 3729 703 3844 fixaginta
726 3737 774 3830 da
795 3743 888 3819 duas
912 3739 1143 3822 hebdomadas
1162 3754 1424 3831 reuertentur,
1462 3733 1512 3826 (7
1530 3737 1654 3846 platea
1670 3731 1716 3797 Da
1729 3735 1805 3800 rm

267 3850 514 3966 aedificabitur
542 3849 592 3944 &a
618 3883 772 3953 murus,
809 3851 944 3938 verbm
972 3859 1190 3940 turbulentis
1221 3854 1434 3962 temporibus
1462 3883 1471 3934 :
1496 3847 1546 3944 ἐν
1574 3816 1837 3962 Isflbddbasze.

267 3969 558 4081 illaasaxagiota
572 3966 621 4062 (δ’
635 3977 728 4054 duas
742 3973 975 4054 hebdomadas
996 3969 1147 4086 Meffias
1173 3973 1434 4079 corseinoatar,
1457 3965 1582 4063 &noa
1599 3973 1651 4080 ip.
1666 3977 1813 4043 bdomodi»

256 4085 341 4201 stus
366 4107 497 4188 erunt3
511 4085 583 4194 find
604 4097 756 4201 populus
769 4092 954 4202 Principis
975 4095 1129 4172 venturi
1153 4091 1280 4171 urbam
1300 4087 1350 4182 &³
1359 4085 1573 4197 fircrarr‘um
1598 4091 1650 4168 di·
1667 4059 1733 4128 ωδ·

267 4226 370 4302 reat,
401 4213 469 4290 &c
496 4210 667 4291 Praeatno
697 4231 852 4314 utroque
889 4203 1024 4320 Cbrasti
1040 4215 1226 4302 adventu,
1259 4238 1300 4291 ac
1321 4214 1494 4313 postremi
1524 4233 1656 4288 eorum

269 4343 485 4434 computato
515 4345 681 4431 tempore
707 4331 726 4410 b
749 4325 962 4430 Judaeorum
978 4333 1096 4409 reditu
1116 4357 1158 4410 ac
1179 4321 1511 4435 Hierofhlymarum
1525 4329 1655 4406 instau-

269 4454 435 4542 ratione3
452 4473 499 4526 ne
517 4447 563 4526 de
585 4451 838 4530 instauratione
859 4451 1024 4553 auspiciis
1040 4450 1297 4530 Nessana
1322 4449 1410 4526 sadd
1435 4447 1508 4525 hoc
1523 4446 1656 4524 intelli·
1773 4439 1776 4444 ’

1555 4586 1659 4662 gere-

366 4670 414 4748 (0)
430 4671 505 4734 Ibid.
524 4673 610 4737 Xlll.
626 4669 643 4747 ‚⁴
656 4684 703 4738 ισ.
721 4691 776 4749 17,
802 4675 860 4755 aa,
881 4621 934 4754 (in
983 4675 1056 4738 Esa'a.
1070 4677 1142 4739 LIV.
1161 4695 1206 4748 ιι,
1232 4695 1277 4744 ιι.
1298 4676 1387 4756 tpoc.
1407 4674 1493 4740 XXl.
1516 4693 1565 4737 ιο.
1594 4671 1652 4734 &c-

279 4749 387 4819 esea.
407 4757 445 4818 ln
459 4753 631 4822 umbonibus
653 4753 789 4824 citatiavs.
806 4777 851 4841 ¹7·
870 4765 940 4848 aa)
971 4759 1124 4824 -edlinem
1137 4757 1234 4840 usque.
