<?xml version="1.0" encoding="UTF-8"?>
<!DOCTYPE html PUBLIC "-//W3C//DTD XHTML 1.0 Transitional//EN"
    "http://www.w3.org/TR/xhtml1/DTD/xhtml1-transitional.dtd">
<html xmlns="http://www.w3.org/1999/xhtml" xml:lang="en" lang="en">
 <head>
  <title>
</title>
<meta http-equiv="Content-Type" content="text/html;charset=utf-8" />
  <meta name='ocr-system' content='tesseract 3.04.00' />
  <meta name='ocr-capabilities' content='ocr_page ocr_carea ocr_par ocr_line ocrx_word'/>
</head>
<body>
  <div class='ocr_page' id='page_1' title='image "./isaacinewtonieq00newtgoog_0346.png"; bbox 0 0 4500 5812; ppageno 0'>
   <div class='ocr_carea' id='block_1_1' title="bbox 365 451 1647 597">
    <p class='ocr_par' dir='ltr' id='par_1_1' title="bbox 365 451 1647 597">
     <span class='ocr_line' id='line_1_1' title="bbox 365 451 1647 597; baseline -0.008 -45"><span class='ocrx_word' id='word_1_1' title='bbox 365 452 880 553; x_wconf 81' lang='lat' dir='ltr'><em>OBSERVAT.</em></span> <span class='ocrx_word' id='word_1_2' title='bbox 944 451 1480 544; x_wconf 80' lang='lat' dir='ltr'><em>INDANIEL.</em></span> <span class='ocrx_word' id='word_1_3' title='bbox 1566 484 1647 597; x_wconf 9' lang='lat'><strong>33⁴3</strong></span> 
     </span>
    </p>
   </div>
   <div class='ocr_carea' id='block_1_2' title="bbox 261 615 1794 856">
    <p class='ocr_par' dir='ltr' id='par_1_2' title="bbox 261 615 1794 856">
     <span class='ocr_line' id='line_1_2' title="bbox 263 615 1794 732; baseline -0.003 -25"><span class='ocrx_word' id='word_1_4' title='bbox 263 687 267 692; x_wconf 84' lang='lat'>-</span> <span class='ocrx_word' id='word_1_5' title='bbox 348 627 459 706; x_wconf 86' lang='lat' dir='ltr'><strong>Anno</strong></span> <span class='ocrx_word' id='word_1_6' title='bbox 483 649 565 722; x_wconf 77' lang='lat'><strong>751</strong></span> <span class='ocrx_word' id='word_1_7' title='bbox 588 615 657 732; x_wconf 82' lang='lat' dir='ltr'><strong>(a)</strong></span> <span class='ocrx_word' id='word_1_8' title='bbox 679 620 1003 701; x_wconf 79' lang='lat' dir='ltr'><strong>chrrnnrrs</strong></span> <span class='ocrx_word' id='word_1_9' title='bbox 1022 618 1119 723; x_wconf 85' lang='lat' dir='ltr'><strong>Papa</strong></span> <span class='ocrx_word' id='word_1_10' title='bbox 1140 621 1500 712; x_wconf 78' lang='lat' dir='ltr'><strong>Curannnrco,</strong></span> <span class='ocrx_word' id='word_1_11' title='bbox 1519 626 1654 724; x_wconf 86' lang='lat' dir='ltr'><strong>ignavo</strong></span> <span class='ocrx_word' id='word_1_12' title='bbox 1678 626 1794 685; x_wconf 65' lang='lat' dir='ltr'><strong>uanae·</strong></span> 
     </span>
     <span class='ocr_line' id='line_1_3' title="bbox 261 726 1757 856; baseline -0.005 -26"><span class='ocrx_word' id='word_1_13' title='bbox 261 771 304 830; x_wconf 82' lang='lat' dir='ltr'><strong>nc</strong></span> <span class='ocrx_word' id='word_1_14' title='bbox 328 750 457 847; x_wconf 87' lang='lat' dir='ltr'><strong>inepto</strong></span> <span class='ocrx_word' id='word_1_15' title='bbox 476 737 644 823; x_wconf 72' lang='lat' dir='ltr'><strong>francica</strong></span> <span class='ocrx_word' id='word_1_16' title='bbox 661 737 776 840; x_wconf 85' lang='lat' dir='ltr'><strong>Regi,</strong></span> <span class='ocrx_word' id='word_1_17' title='bbox 799 735 985 842; x_wconf 84' lang='lat' dir='ltr'><strong>stirpisque</strong></span> <span class='ocrx_word' id='word_1_18' title='bbox 1006 727 1264 847; x_wconf 69' lang='lat' dir='ltr'><strong>Mrooingiae</strong></span> <span class='ocrx_word' id='word_1_19' title='bbox 1287 744 1439 833; x_wconf 88' lang='lat' dir='ltr'><strong>ultimo,</strong></span> <span class='ocrx_word' id='word_1_20' title='bbox 1461 744 1655 844; x_wconf 86' lang='lat' dir='ltr'><strong>imperium</strong></span> <span class='ocrx_word' id='word_1_21' title='bbox 1672 726 1757 856; x_wconf 49' lang='lat' dir='ltr'><strong>mm</strong></span> 
     </span>
    </p>
   </div>
   <div class='ocr_carea' id='block_1_3' title="bbox 1778 711 1845 773">
    <p class='ocr_par' dir='ltr' id='par_1_3' title="bbox 1778 711 1845 773">
     <span class='ocr_line' id='line_1_4' title="bbox 1778 711 1845 773; baseline 0 0"><span class='ocrx_word' id='word_1_22' title='bbox 1778 711 1845 773; x_wconf 74' lang='lat' dir='ltr'><strong>car·</strong></span> 
     </span>
    </p>
   </div>
   <div class='ocr_carea' id='block_1_4' title="bbox 183 856 1833 4616">
    <p class='ocr_par' dir='ltr' id='par_1_4' title="bbox 259 856 1654 1552">
     <span class='ocr_line' id='line_1_5' title="bbox 259 856 1654 966; baseline -0.001 -22"><span class='ocrx_word' id='word_1_23' title='bbox 259 867 473 966; x_wconf 81' lang='lat' dir='ltr'><strong>abrogavit,</strong></span> <span class='ocrx_word' id='word_1_24' title='bbox 505 864 563 952; x_wconf 80' lang='lat' dir='ltr'><strong>dr,</strong></span> <span class='ocrx_word' id='word_1_25' title='bbox 588 856 712 938; x_wconf 88' lang='lat' dir='ltr'><strong>solutis</strong></span> <span class='ocrx_word' id='word_1_26' title='bbox 741 861 865 957; x_wconf 87' lang='lat' dir='ltr'><strong>juratae</strong></span> <span class='ocrx_word' id='word_1_27' title='bbox 891 857 977 936; x_wconf 87' lang='lat' dir='ltr'><strong>fidei</strong></span> <span class='ocrx_word' id='word_1_28' title='bbox 1002 859 1180 958; x_wconf 74' lang='lat' dir='ltr'><strong>religione</strong></span> <span class='ocrx_word' id='word_1_29' title='bbox 1199 861 1365 949; x_wconf 88' lang='lat' dir='ltr'><strong>subditis,</strong></span> <span class='ocrx_word' id='word_1_30' title='bbox 1391 859 1561 959; x_wconf 83' lang='lat' dir='ltr'>Regnum</span> <span class='ocrx_word' id='word_1_31' title='bbox 1591 861 1654 942; x_wconf 85' lang='lat' dir='ltr'><strong>de-</strong></span> 
     </span>
     <span class='ocr_line' id='line_1_6' title="bbox 259 971 1652 1078; baseline -0.002 -16"><span class='ocrx_word' id='word_1_32' title='bbox 259 985 316 1062; x_wconf 88' lang='lat' dir='ltr'><strong>dit</strong></span> <span class='ocrx_word' id='word_1_33' title='bbox 342 982 557 1070; x_wconf 69' lang='lat' dir='ltr'><strong>Primo,</strong></span> <span class='ocrx_word' id='word_1_34' title='bbox 584 977 721 1078; x_wconf 85' lang='lat' dir='ltr'><strong>Majori</strong></span> <span class='ocrx_word' id='word_1_35' title='bbox 746 973 927 1066; x_wconf 78' lang='lat' dir='ltr'><strong>Domus,</strong></span> <span class='ocrx_word' id='word_1_36' title='bbox 966 971 1087 1078; x_wconf 86' lang='lat' dir='ltr'><strong>edque</strong></span> <span class='ocrx_word' id='word_1_37' title='bbox 1114 977 1181 1056; x_wconf 90' lang='lat' dir='ltr'><strong>libi</strong></span> <span class='ocrx_word' id='word_1_38' title='bbox 1219 1001 1362 1060; x_wconf 84' lang='lat' dir='ltr'><strong>novum</strong></span> <span class='ocrx_word' id='word_1_39' title='bbox 1388 1001 1430 1056; x_wconf 91' lang='lat' dir='ltr'><strong>ac</strong></span> <span class='ocrx_word' id='word_1_40' title='bbox 1461 979 1652 1078; x_wconf 83' lang='lat' dir='ltr'><strong>potentem</strong></span> 
     </span>
     <span class='ocr_line' id='line_1_7' title="bbox 260 1094 1652 1196; baseline -0.004 -14"><span class='ocrx_word' id='word_1_41' title='bbox 260 1103 420 1182; x_wconf 88' lang='lat' dir='ltr'><strong>amicum</strong></span> <span class='ocrx_word' id='word_1_42' title='bbox 446 1099 663 1180; x_wconf 83' lang='lat' dir='ltr'><strong>conciliarit</strong></span> <span class='ocrx_word' id='word_1_43' title='bbox 716 1094 894 1173; x_wconf 86' lang='lat' dir='ltr'><strong>Proximo</strong></span> <span class='ocrx_word' id='word_1_44' title='bbox 908 1117 1005 1174; x_wconf 85' lang='lat' dir='ltr'><strong>anno</strong></span> <span class='ocrx_word' id='word_1_45' title='bbox 1030 1094 1207 1176; x_wconf 84' lang='lat' dir='ltr'><strong>succeffor</strong></span> <span class='ocrx_word' id='word_1_46' title='bbox 1228 1101 1303 1196; x_wconf 84' lang='lat' dir='ltr'><strong>ejus</strong></span> <span class='ocrx_word' id='word_1_47' title='bbox 1327 1095 1503 1176; x_wconf 73' lang='lat' dir='ltr'><strong>Serere</strong></span> <span class='ocrx_word' id='word_1_48' title='bbox 1519 1121 1545 1173; x_wconf 81' lang='lat' dir='ltr'><strong>r</strong></span> <span class='ocrx_word' id='word_1_49' title='bbox 1559 1123 1652 1177; x_wconf 80' lang='lat' dir='ltr'><strong>nus</strong></span> 
     </span>
     <span class='ocr_line' id='line_1_8' title="bbox 260 1206 1652 1319; baseline -0.006 -19"><span class='ocrx_word' id='word_1_50' title='bbox 260 1217 361 1315; x_wconf 87' lang='grc' dir='ltr'>ΙΙΙ,</span> <span class='ocrx_word' id='word_1_51' title='bbox 386 1219 431 1296; x_wconf 90' lang='lat' dir='ltr'><strong>ad</strong></span> <span class='ocrx_word' id='word_1_52' title='bbox 461 1216 645 1318; x_wconf 87' lang='lat' dir='ltr'><strong>agendum</strong></span> <span class='ocrx_word' id='word_1_53' title='bbox 666 1239 751 1298; x_wconf 88' lang='lat' dir='ltr'><strong>cum</strong></span> <span class='ocrx_word' id='word_1_54' title='bbox 772 1206 903 1292; x_wconf 81' lang='lat' dir='ltr'><strong>Graeco</strong></span> <span class='ocrx_word' id='word_1_55' title='bbox 922 1212 1144 1316; x_wconf 85' lang='lat' dir='ltr'>Imperatore</span> <span class='ocrx_word' id='word_1_56' title='bbox 1167 1213 1277 1319; x_wconf 70' lang='lat' dir='ltr'><strong>quam</strong></span> <span class='ocrx_word' id='word_1_57' title='bbox 1290 1239 1386 1294; x_wconf 86' lang='lat' dir='ltr'><strong>cum</strong></span> <span class='ocrx_word' id='word_1_58' title='bbox 1401 1207 1652 1318; x_wconf 79' lang='lat' dir='ltr'><strong>Longobardis</strong></span> 
     </span>
     <span class='ocr_line' id='line_1_9' title="bbox 261 1330 1653 1440; baseline -0.004 -22"><span class='ocrx_word' id='word_1_59' title='bbox 261 1341 408 1440; x_wconf 84' lang='lat' dir='ltr'><strong>aptior,</strong></span> <span class='ocrx_word' id='word_1_60' title='bbox 438 1337 484 1413; x_wconf 90' lang='lat' dir='ltr'><strong>ad</strong></span> <span class='ocrx_word' id='word_1_61' title='bbox 500 1337 634 1414; x_wconf 86' lang='lat' dir='ltr'><strong>horum</strong></span> <span class='ocrx_word' id='word_1_62' title='bbox 661 1332 802 1432; x_wconf 84' lang='lat' dir='ltr'>Regem</span> <span class='ocrx_word' id='word_1_63' title='bbox 820 1331 856 1410; x_wconf 88' lang='lat' dir='ltr'><strong>ie</strong></span> <span class='ocrx_word' id='word_1_64' title='bbox 880 1334 1057 1422; x_wconf 90' lang='lat' dir='ltr'><strong>contulit,</strong></span> <span class='ocrx_word' id='word_1_65' title='bbox 1079 1330 1185 1436; x_wconf 83' lang='lat' dir='ltr'><strong>eique</strong></span> <span class='ocrx_word' id='word_1_66' title='bbox 1202 1331 1413 1436; x_wconf 80' lang='lat' dir='ltr'><strong>persuadere</strong></span> <span class='ocrx_word' id='word_1_67' title='bbox 1428 1347 1580 1411; x_wconf 89' lang='lat' dir='ltr'><strong>conatus</strong></span> <span class='ocrx_word' id='word_1_68' title='bbox 1601 1333 1653 1412; x_wconf 85' lang='lat' dir='ltr'><strong>ell</strong></span> 
     </span>
     <span class='ocr_line' id='line_1_10' title="bbox 261 1449 1653 1552; baseline -0.005 -17"><span class='ocrx_word' id='word_1_69' title='bbox 261 1471 303 1535; x_wconf 89' lang='lat' dir='ltr'><strong>ut</strong></span> <span class='ocrx_word' id='word_1_70' title='bbox 322 1453 566 1536; x_wconf 81' lang='lat' dir='ltr'><strong>Exarchatum</strong></span> <span class='ocrx_word' id='word_1_71' title='bbox 588 1453 754 1530; x_wconf 85' lang='lat' dir='ltr'><strong>redderes</strong></span> <span class='ocrx_word' id='word_1_72' title='bbox 772 1449 995 1552; x_wconf 79' lang='lat' dir='ltr'><strong>Imperatori.</strong></span> <span class='ocrx_word' id='word_1_73' title='bbox 1032 1452 1149 1547; x_wconf 90' lang='lat' dir='ltr'><strong>Quod</strong></span> <span class='ocrx_word' id='word_1_74' title='bbox 1165 1451 1250 1532; x_wconf 80' lang='lat' dir='ltr'><strong>edm</strong></span> <span class='ocrx_word' id='word_1_75' title='bbox 1265 1475 1343 1531; x_wconf 91' lang='lat' dir='ltr'><strong>non</strong></span> <span class='ocrx_word' id='word_1_76' title='bbox 1360 1455 1495 1549; x_wconf 86' lang='lat' dir='ltr'><strong>exejus</strong></span> <span class='ocrx_word' id='word_1_77' title='bbox 1509 1450 1653 1529; x_wconf 79' lang='lat' dir='ltr'><strong>senten-</strong></span> 
     </span>
    </p>

    <p class='ocr_par' dir='ltr' id='par_1_5' title="bbox 183 1547 1651 1906">
     <span class='ocr_line' id='line_1_11' title="bbox 183 1547 1650 1673; baseline -0.003 -21"><span class='ocrx_word' id='word_1_78' title='bbox 183 1547 190 1577; x_wconf 73' lang='grc'><em>’</em></span> <span class='ocrx_word' id='word_1_79' title='bbox 261 1575 312 1652; x_wconf 83' lang='lat' dir='ltr'><strong>tid</strong></span> <span class='ocrx_word' id='word_1_80' title='bbox 332 1571 559 1662; x_wconf 84' lang='lat' dir='ltr'><strong>succederet,</strong></span> <span class='ocrx_word' id='word_1_81' title='bbox 589 1573 628 1647; x_wconf 90' lang='lat' dir='ltr'><strong>in</strong></span> <span class='ocrx_word' id='word_1_82' title='bbox 645 1564 872 1647; x_wconf 77' lang='lat' dir='ltr'><strong>Gaunmest</strong></span> <span class='ocrx_word' id='word_1_83' title='bbox 891 1569 1096 1669; x_wconf 76' lang='lat' dir='ltr'><strong>proicitur,</strong></span> <span class='ocrx_word' id='word_1_84' title='bbox 1125 1570 1412 1650; x_wconf 81' lang='lat' dir='ltr'><strong>acPrrruunr</strong></span> <span class='ocrx_word' id='word_1_85' title='bbox 1439 1561 1650 1673; x_wconf 59' lang='lat' dir='ltr'><strong>induxitJut</strong></span> 
     </span>
     <span class='ocr_line' id='line_1_12' title="bbox 260 1677 1651 1794; baseline -0.001 -22"><span class='ocrx_word' id='word_1_86' title='bbox 260 1684 527 1772; x_wconf 76' lang='lat' dir='ltr'><strong>Exerchatum</strong></span> <span class='ocrx_word' id='word_1_87' title='bbox 549 1691 586 1768; x_wconf 80' lang='lat' dir='ltr'><strong>de</strong></span> <span class='ocrx_word' id='word_1_88' title='bbox 600 1683 812 1794; x_wconf 74' lang='lat' dir='ltr'><strong>Pentapolis</strong></span> <span class='ocrx_word' id='word_1_89' title='bbox 848 1677 1101 1794; x_wconf 83' lang='lat' dir='ltr'><strong>Langobardis</strong></span> <span class='ocrx_word' id='word_1_90' title='bbox 1127 1693 1307 1790; x_wconf 86' lang='lat' dir='ltr'><strong>eriperet,</strong></span> <span class='ocrx_word' id='word_1_91' title='bbox 1322 1701 1430 1791; x_wconf 85' lang='lat' dir='ltr'><strong>atque</strong></span> <span class='ocrx_word' id='word_1_92' title='bbox 1452 1702 1651 1794; x_wconf 88' lang='lat' dir='ltr'><strong>utrumque</strong></span> 
     </span>
     <span class='ocr_line' id='line_1_13' title="bbox 262 1801 1650 1906; baseline 0 -18"><span class='ocrx_word' id='word_1_93' title='bbox 262 1811 417 1888; x_wconf 84' lang='lat' dir='ltr'><strong>donaret</strong></span> <span class='ocrx_word' id='word_1_94' title='bbox 429 1805 601 1887; x_wconf 70' lang='lat' dir='ltr'><strong>raneos</strong></span> <span class='ocrx_word' id='word_1_95' title='bbox 617 1829 712 1884; x_wconf 80' lang='lat' dir='ltr'><strong>ern</strong></span> <span class='ocrx_word' id='word_1_96' title='bbox 728 1801 883 1906; x_wconf 82' lang='lat' dir='ltr'><strong>olgltnr</strong></span> <span class='ocrx_word' id='word_1_97' title='bbox 900 1803 929 1884; x_wconf 89' lang='lat' dir='ltr'>P</span> <span class='ocrx_word' id='word_1_98' title='bbox 943 1831 957 1882; x_wconf 96' lang='lat'><em>1</em></span> <span class='ocrx_word' id='word_1_99' title='bbox 971 1831 990 1884; x_wconf 86' lang='lat' dir='ltr'><strong>r</strong></span> <span class='ocrx_word' id='word_1_100' title='bbox 1005 1827 1061 1884; x_wconf 82' lang='lat' dir='ltr'><strong>ru</strong></span> <span class='ocrx_word' id='word_1_101' title='bbox 1076 1831 1103 1884; x_wconf 91' lang='lat' dir='ltr'><strong>u</strong></span> <span class='ocrx_word' id='word_1_102' title='bbox 1115 1827 1152 1896; x_wconf 84' lang='lat' dir='ltr'><strong>s,</strong></span> <span class='ocrx_word' id='word_1_103' title='bbox 1167 1807 1256 1892; x_wconf 75' lang='lat' dir='ltr'><strong>Ac.</strong></span> <span class='ocrx_word' id='word_1_104' title='bbox 1272 1831 1371 1906; x_wconf 86' lang='lat'><strong>754,</strong></span> <span class='ocrx_word' id='word_1_105' title='bbox 1387 1828 1473 1884; x_wconf 89' lang='lat' dir='ltr'><strong>cum</strong></span> <span class='ocrx_word' id='word_1_106' title='bbox 1486 1812 1650 1888; x_wconf 82' lang='lat' dir='ltr'><strong>exercitu</strong></span> 
     </span>
    </p>

    <p class='ocr_par' dir='ltr' id='par_1_6' title="bbox 186 1913 1652 2265">
     <span class='ocr_line' id='line_1_14' title="bbox 186 1913 1652 2035; baseline -0.001 -29"><span class='ocrx_word' id='word_1_107' title='bbox 186 1973 194 1982; x_wconf 93' lang='lat'><strong>·</strong></span> <span class='ocrx_word' id='word_1_108' title='bbox 261 1932 363 2006; x_wconf 78' lang='lat' dir='ltr'><strong>uenit</strong></span> <span class='ocrx_word' id='word_1_109' title='bbox 389 1931 427 2004; x_wconf 90' lang='lat' dir='ltr'><strong>ln</strong></span> <span class='ocrx_word' id='word_1_110' title='bbox 444 1923 617 2026; x_wconf 83' lang='lat' dir='ltr'><strong>Italiam,</strong></span> <span class='ocrx_word' id='word_1_111' title='bbox 635 1921 850 2026; x_wconf 74' lang='lat' dir='ltr'><strong>Regemque</strong></span> <span class='ocrx_word' id='word_1_112' title='bbox 864 1913 1185 2035; x_wconf 81' lang='lat' dir='ltr'><strong>Langobardorum</strong></span> <span class='ocrx_word' id='word_1_113' title='bbox 1196 1925 1231 2004; x_wconf 85' lang='grc' dir='ltr'><strong>Ἀ</strong></span> <span class='ocrx_word' id='word_1_114' title='bbox 1248 1948 1439 2005; x_wconf 74' lang='lat' dir='ltr'><strong>rs‘rure</strong></span> <span class='ocrx_word' id='word_1_115' title='bbox 1454 1949 1562 2004; x_wconf 77' lang='lat' dir='ltr'><strong>nun</strong></span> <span class='ocrx_word' id='word_1_116' title='bbox 1587 1928 1652 2005; x_wconf 88' lang='lat' dir='ltr'><strong>de-</strong></span> 
     </span>
     <span class='ocr_line' id='line_1_15' title="bbox 263 2041 1651 2154; baseline -0.001 -29"><span class='ocrx_word' id='word_1_117' title='bbox 263 2046 677 2154; x_wconf 86' lang='lat' dir='ltr'><strong>ditionempromittere</strong></span> <span class='ocrx_word' id='word_1_118' title='bbox 694 2043 830 2142; x_wconf 81' lang='lat' dir='ltr'><strong>adegit.</strong></span> <span class='ocrx_word' id='word_1_119' title='bbox 874 2041 1046 2122; x_wconf 76' lang='lat' dir='ltr'><strong>Econtrb</strong></span> <span class='ocrx_word' id='word_1_120' title='bbox 1061 2058 1191 2122; x_wconf 85' lang='lat' dir='ltr'><strong>autem</strong></span> <span class='ocrx_word' id='word_1_121' title='bbox 1216 2043 1581 2133; x_wconf 65' lang='lat' dir='ltr'><strong>minutatius,</strong></span> <span class='ocrx_word' id='word_1_122' title='bbox 1610 2058 1651 2124; x_wconf 90' lang='lat' dir='ltr'><strong>ut</strong></span> 
     </span>
     <span class='ocr_line' id='line_1_16' title="bbox 263 2159 1648 2265; baseline -0.001 -23"><span class='ocrx_word' id='word_1_123' title='bbox 263 2159 283 2242; x_wconf 75' lang='lat' dir='ltr'><strong>i</strong></span> <span class='ocrx_word' id='word_1_124' title='bbox 302 2161 398 2265; x_wconf 78' lang='lat' dir='ltr'><strong>Papa</strong></span> <span class='ocrx_word' id='word_1_125' title='bbox 426 2164 606 2241; x_wconf 90' lang='lat' dir='ltr'><strong>ultionem</strong></span> <span class='ocrx_word' id='word_1_126' title='bbox 628 2173 828 2262; x_wconf 85' lang='lat' dir='ltr'><strong>repeteret,</strong></span> <span class='ocrx_word' id='word_1_127' title='bbox 844 2185 941 2239; x_wconf 90' lang='lat' dir='ltr'><strong>anno</strong></span> <span class='ocrx_word' id='word_1_128' title='bbox 958 2162 1162 2264; x_wconf 83' lang='lat' dir='ltr'><strong>insequenti</strong></span> <span class='ocrx_word' id='word_1_129' title='bbox 1179 2163 1308 2240; x_wconf 88' lang='lat' dir='ltr'><strong>urbem</strong></span> <span class='ocrx_word' id='word_1_130' title='bbox 1320 2159 1478 2240; x_wconf 86' lang='lat' dir='ltr'>Romam</span> <span class='ocrx_word' id='word_1_131' title='bbox 1498 2160 1648 2240; x_wconf 87' lang='lat' dir='ltr'><strong>obfidet.</strong></span> 
     </span>
    </p>

    <p class='ocr_par' dir='ltr' id='par_1_7' title="bbox 262 2275 1656 2504">
     <span class='ocr_line' id='line_1_17' title="bbox 263 2275 1656 2382; baseline 0 -23"><span class='ocrx_word' id='word_1_132' title='bbox 263 2280 354 2376; x_wconf 87' lang='lat' dir='ltr'><strong>Quo</strong></span> <span class='ocrx_word' id='word_1_133' title='bbox 372 2283 464 2360; x_wconf 79' lang='lat' dir='ltr'><strong>fatto</strong></span> <span class='ocrx_word' id='word_1_134' title='bbox 486 2279 603 2382; x_wconf 85' lang='lat' dir='ltr'><strong>Papa,</strong></span> <span class='ocrx_word' id='word_1_135' title='bbox 625 2280 715 2382; x_wconf 85' lang='lat' dir='ltr'><strong>datis</strong></span> <span class='ocrx_word' id='word_1_136' title='bbox 735 2278 781 2356; x_wconf 88' lang='lat' dir='ltr'><strong>ad</strong></span> <span class='ocrx_word' id='word_1_137' title='bbox 797 2275 825 2358; x_wconf 93' lang='lat' dir='ltr'>P</span> <span class='ocrx_word' id='word_1_138' title='bbox 839 2304 853 2354; x_wconf 93' lang='lat'>1</span> <span class='ocrx_word' id='word_1_139' title='bbox 868 2303 953 2356; x_wconf 79' lang='lat' dir='ltr'><strong>aru</strong></span> <span class='ocrx_word' id='word_1_140' title='bbox 966 2303 991 2355; x_wconf 90' lang='lat' dir='ltr'><strong>u</strong></span> <span class='ocrx_word' id='word_1_141' title='bbox 1005 2303 1036 2355; x_wconf 83' lang='lat' dir='ltr'><strong>nr</strong></span> <span class='ocrx_word' id='word_1_142' title='bbox 1063 2279 1210 2367; x_wconf 85' lang='lat' dir='ltr'><strong>litteris,</strong></span> <span class='ocrx_word' id='word_1_143' title='bbox 1236 2283 1446 2369; x_wconf 87' lang='lat' dir='ltr'><strong>renunciat,</strong></span> <span class='ocrx_word' id='word_1_144' title='bbox 1465 2282 1514 2358; x_wconf 42' lang='lat' dir='ltr'><strong>xui</strong></span> <span class='ocrx_word' id='word_1_145' title='bbox 1533 2277 1608 2361; x_wconf 78' lang='lat' dir='ltr'><strong>citri</strong></span> <span class='ocrx_word' id='word_1_146' title='bbox 1622 2285 1656 2360; x_wconf 89' lang='lat' dir='ltr'><strong>is</strong></span> 
     </span>
     <span class='ocr_line' id='line_1_18' title="bbox 262 2389 1654 2504; baseline -0.001 -27"><span class='ocrx_word' id='word_1_147' title='bbox 262 2391 690 2503; x_wconf 81' lang='lat' dir='ltr'><strong>adversdsLongobardos</strong></span> <span class='ocrx_word' id='word_1_148' title='bbox 705 2411 930 2498; x_wconf 84' lang='lat' dir='ltr'><strong>properaret,</strong></span> <span class='ocrx_word' id='word_1_149' title='bbox 942 2411 1011 2504; x_wconf 85' lang='lat' dir='ltr'><strong>pro</strong></span> <span class='ocrx_word' id='word_1_150' title='bbox 1022 2389 1196 2502; x_wconf 73' lang='lat' dir='ltr'><strong>dardstbi</strong></span> <span class='ocrx_word' id='word_1_151' title='bbox 1209 2391 1397 2502; x_wconf 62' lang='lat' dir='ltr'><strong>potentini,</strong></span> <span class='ocrx_word' id='word_1_152' title='bbox 1414 2394 1654 2476; x_wconf 82' lang='lat' dir='ltr'><strong>alienandum</strong></span> 
     </span>
    </p>

    <p class='ocr_par' dir='ltr' id='par_1_8' title="bbox 188 2502 1780 4039">
     <span class='ocr_line' id='line_1_19' title="bbox 188 2506 1751 2623; baseline 0 -28"><span class='ocrx_word' id='word_1_153' title='bbox 188 2527 190 2531; x_wconf 82' lang='grc'><strong>’</strong></span> <span class='ocrx_word' id='word_1_154' title='bbox 249 2506 341 2623; x_wconf 85' lang='lat' dir='ltr'><strong>fore</strong></span> <span class='ocrx_word' id='word_1_155' title='bbox 356 2509 382 2593; x_wconf 77' lang='lat' dir='ltr'><strong>d</strong></span> <span class='ocrx_word' id='word_1_156' title='bbox 395 2509 476 2594; x_wconf 87' lang='lat' dir='ltr'><strong>Deo</strong></span> <span class='ocrx_word' id='word_1_157' title='bbox 494 2509 544 2604; x_wconf 67' lang='lat' dir='ltr'><strong>dn</strong></span> <span class='ocrx_word' id='word_1_158' title='bbox 560 2508 650 2596; x_wconf 73' lang='lat' dir='ltr'><strong>vird</strong></span> <span class='ocrx_word' id='word_1_159' title='bbox 667 2506 815 2603; x_wconf 74' lang='lat' dir='ltr'><strong>eternd,</strong></span> <span class='ocrx_word' id='word_1_160' title='bbox 834 2515 871 2592; x_wconf 90' lang='lat' dir='ltr'><strong>id</strong></span> <span class='ocrx_word' id='word_1_161' title='bbox 886 2515 945 2604; x_wconf 86' lang='lat' dir='ltr'><strong>est,</strong></span> <span class='ocrx_word' id='word_1_162' title='bbox 958 2515 1183 2594; x_wconf 87' lang='lat' dir='ltr'><strong>anathemate</strong></span> <span class='ocrx_word' id='word_1_163' title='bbox 1193 2516 1406 2595; x_wconf 86' lang='lat' dir='ltr'><strong>feriendum.</strong></span> <span class='ocrx_word' id='word_1_164' title='bbox 1428 2513 1652 2606; x_wconf 81' lang='lat' dir='ltr'><strong>Prnruus,</strong></span> <span class='ocrx_word' id='word_1_165' title='bbox 1742 2609 1751 2615; x_wconf 43' lang='grc'><strong>,</strong></span> 
     </span>
     <span class='ocr_line' id='line_1_20' title="bbox 263 2627 1654 2734; baseline 0.003 -22"><span class='ocrx_word' id='word_1_166' title='bbox 263 2659 364 2734; x_wconf 87' lang='lat' dir='ltr'><strong>ergo,</strong></span> <span class='ocrx_word' id='word_1_167' title='bbox 381 2636 609 2714; x_wconf 85' lang='lat' dir='ltr'><strong>subditorum</strong></span> <span class='ocrx_word' id='word_1_168' title='bbox 621 2633 861 2712; x_wconf 88' lang='lat' dir='ltr'><strong>rebellionem</strong></span> <span class='ocrx_word' id='word_1_169' title='bbox 876 2637 1021 2722; x_wconf 77' lang='lat' dir='ltr'><strong>veritus,</strong></span> <span class='ocrx_word' id='word_1_170' title='bbox 1040 2636 1077 2710; x_wconf 90' lang='lat'>&amp;</span> <span class='ocrx_word' id='word_1_171' title='bbox 1091 2629 1257 2714; x_wconf 75' lang='lat' dir='ltr'><strong>Ecclesiae</strong></span> <span class='ocrx_word' id='word_1_172' title='bbox 1275 2627 1442 2712; x_wconf 76' lang='lat' dir='ltr'><strong>Romane</strong></span> <span class='ocrx_word' id='word_1_173' title='bbox 1455 2634 1654 2733; x_wconf 89' lang='lat' dir='ltr'><strong>plurimum</strong></span> 
     </span>
     <span class='ocr_line' id='line_1_21' title="bbox 265 2748 1655 2854; baseline 0 -22"><span class='ocrx_word' id='word_1_174' title='bbox 265 2754 422 2842; x_wconf 85' lang='lat' dir='ltr'><strong>debens,</strong></span> <span class='ocrx_word' id='word_1_175' title='bbox 438 2748 620 2854; x_wconf 84' lang='lat' dir='ltr'><strong>continud</strong></span> <span class='ocrx_word' id='word_1_176' title='bbox 632 2774 718 2830; x_wconf 89' lang='lat' dir='ltr'><strong>cum</strong></span> <span class='ocrx_word' id='word_1_177' title='bbox 730 2754 894 2830; x_wconf 85' lang='lat' dir='ltr'><strong>exercitu</strong></span> <span class='ocrx_word' id='word_1_178' title='bbox 907 2754 945 2827; x_wconf 89' lang='lat' dir='ltr'><strong>in</strong></span> <span class='ocrx_word' id='word_1_179' title='bbox 965 2748 1115 2830; x_wconf 79' lang='lat' dir='ltr'><strong>ltaliam</strong></span> <span class='ocrx_word' id='word_1_180' title='bbox 1135 2755 1257 2850; x_wconf 77' lang='lat' dir='ltr'><strong>venit,</strong></span> <span class='ocrx_word' id='word_1_181' title='bbox 1277 2749 1505 2830; x_wconf 83' lang='lat' dir='ltr'><strong>oblidionem</strong></span> <span class='ocrx_word' id='word_1_182' title='bbox 1523 2752 1655 2849; x_wconf 84' lang='lat' dir='ltr'><strong>solvit,-</strong></span> 
     </span>
     <span class='ocr_line' id='line_1_22' title="bbox 262 2859 1657 2977; baseline 0.001 -27"><span class='ocrx_word' id='word_1_183' title='bbox 262 2863 513 2977; x_wconf 74' lang='lat' dir='ltr'><strong>Langobardos</strong></span> <span class='ocrx_word' id='word_1_184' title='bbox 528 2867 692 2949; x_wconf 78' lang='lat' dir='ltr'><strong>Patavii</strong></span> <span class='ocrx_word' id='word_1_185' title='bbox 703 2867 854 2959; x_wconf 77' lang='lat' dir='ltr'><strong>obsidet,</strong></span> <span class='ocrx_word' id='word_1_186' title='bbox 869 2865 1045 2970; x_wconf 88' lang='lat' dir='ltr'><strong>cogitque</strong></span> <span class='ocrx_word' id='word_1_187' title='bbox 1059 2859 1334 2958; x_wconf 81' lang='lat' dir='ltr'><strong>Exarehatum,</strong></span> <span class='ocrx_word' id='word_1_188' title='bbox 1352 2892 1510 2949; x_wconf 89' lang='lat' dir='ltr'><strong>necnon</strong></span> <span class='ocrx_word' id='word_1_189' title='bbox 1526 2888 1657 2972; x_wconf 83' lang='lat' dir='ltr'><strong>agrum</strong></span> 
     </span>
     <span class='ocr_line' id='line_1_23' title="bbox 263 2984 1780 3097; baseline 0.001 -29"><span class='ocrx_word' id='word_1_190' title='bbox 263 2985 512 3097; x_wconf 79' lang='lat' dir='ltr'><strong>Pentapoleos,</strong></span> <span class='ocrx_word' id='word_1_191' title='bbox 538 2993 576 3066; x_wconf 92' lang='lat' dir='ltr'><strong>in</strong></span> <span class='ocrx_word' id='word_1_192' title='bbox 599 3004 814 3092; x_wconf 89' lang='lat' dir='ltr'><strong>perpetuam</strong></span> <span class='ocrx_word' id='word_1_193' title='bbox 830 2987 935 3089; x_wconf 84' lang='lat' dir='ltr'><strong>Papae</strong></span> <span class='ocrx_word' id='word_1_194' title='bbox 958 2985 1090 3066; x_wconf 87' lang='lat' dir='ltr'><strong>dedere</strong></span> <span class='ocrx_word' id='word_1_195' title='bbox 1105 2985 1369 3088; x_wconf 83' lang='lat' dir='ltr'><strong>pollefflonem.</strong></span> <span class='ocrx_word' id='word_1_196' title='bbox 1402 2984 1456 3064; x_wconf 86' lang='lat' dir='ltr'><strong>lta</strong></span> <span class='ocrx_word' id='word_1_197' title='bbox 1479 2989 1653 3069; x_wconf 78' lang='lat' dir='ltr'><strong>Pontifex</strong></span> <span class='ocrx_word' id='word_1_198' title='bbox 1773 3087 1780 3096; x_wconf 35' lang='grc'><em>,</em></span> 
     </span>
     <span class='ocr_line' id='line_1_24' title="bbox 266 3096 1654 3211; baseline 0.001 -25"><span class='ocrx_word' id='word_1_199' title='bbox 266 3099 447 3186; x_wconf 85' lang='lat' dir='ltr'><strong>Romanus</strong></span> <span class='ocrx_word' id='word_1_200' title='bbox 470 3107 650 3188; x_wconf 81' lang='lat' dir='ltr'><strong>Ravennae</strong></span> <span class='ocrx_word' id='word_1_201' title='bbox 685 3100 831 3208; x_wconf 76' lang='lat' dir='ltr'><strong>ejdsque</strong></span> <span class='ocrx_word' id='word_1_202' title='bbox 857 3096 1123 3193; x_wconf 74' lang='lat' dir='ltr'><strong>Exarchaeus,</strong></span> <span class='ocrx_word' id='word_1_203' title='bbox 1160 3109 1282 3206; x_wconf 90' lang='lat' dir='ltr'><strong>paucis</strong></span> <span class='ocrx_word' id='word_1_204' title='bbox 1306 3103 1456 3207; x_wconf 88' lang='lat' dir='ltr'><strong>quidem</strong></span> <span class='ocrx_word' id='word_1_205' title='bbox 1489 3113 1654 3211; x_wconf 80' lang='lat' dir='ltr'><strong>exceptio</strong></span> 
     </span>
     <span class='ocr_line' id='line_1_25' title="bbox 264 3218 1650 3322; baseline 0.001 -19"><span class='ocrx_word' id='word_1_206' title='bbox 264 3225 439 3314; x_wconf 87' lang='lat' dir='ltr'><strong>urbibus,</strong></span> <span class='ocrx_word' id='word_1_207' title='bbox 474 3225 661 3305; x_wconf 77' lang='lat' dir='ltr'><strong>Dominus</strong></span> <span class='ocrx_word' id='word_1_208' title='bbox 686 3220 791 3300; x_wconf 87' lang='lat' dir='ltr'><strong>evafit</strong></span> <span class='ocrx_word' id='word_1_209' title='bbox 811 3247 823 3317; x_wconf 82' lang='lat'>3</span> <span class='ocrx_word' id='word_1_210' title='bbox 854 3221 930 3322; x_wconf 84' lang='lat' dir='ltr'><strong>ejus</strong></span> <span class='ocrx_word' id='word_1_211' title='bbox 952 3218 1039 3301; x_wconf 80' lang='lat' dir='ltr'><strong>verb</strong></span> <span class='ocrx_word' id='word_1_212' title='bbox 1071 3223 1187 3301; x_wconf 87' lang='lat' dir='ltr'><strong>claves</strong></span> <span class='ocrx_word' id='word_1_213' title='bbox 1212 3223 1371 3303; x_wconf 85' lang='lat' dir='ltr'><strong>Romam</strong></span> <span class='ocrx_word' id='word_1_214' title='bbox 1395 3220 1502 3301; x_wconf 84' lang='lat' dir='ltr'><strong>millae</strong></span> <span class='ocrx_word' id='word_1_215' title='bbox 1534 3225 1650 3316; x_wconf 85' lang='lat' dir='ltr'><strong>sunt,</strong></span> 
     </span>
     <span class='ocr_line' id='line_1_26' title="bbox 264 3329 1654 3451; baseline 0 -29"><span class='ocrx_word' id='word_1_216' title='bbox 264 3357 373 3446; x_wconf 86' lang='lat' dir='ltr'><strong>atque</strong></span> <span class='ocrx_word' id='word_1_217' title='bbox 400 3345 476 3422; x_wconf 90' lang='lat' dir='ltr'><strong>illic</strong></span> <span class='ocrx_word' id='word_1_218' title='bbox 496 3343 621 3445; x_wconf 86' lang='lat' dir='ltr'><strong>pofitaa</strong></span> <span class='ocrx_word' id='word_1_219' title='bbox 639 3345 745 3443; x_wconf 86' lang='lat' dir='ltr'><strong>super</strong></span> <span class='ocrx_word' id='word_1_220' title='bbox 768 3329 983 3451; x_wconf 72' lang='lat' dir='ltr'><strong>Corfiffiona</strong></span> <span class='ocrx_word' id='word_1_221' title='bbox 1004 3333 1041 3416; x_wconf 83' lang='lat' dir='ltr'><strong>S.</strong></span> <span class='ocrx_word' id='word_1_222' title='bbox 1062 3337 1247 3430; x_wconf 78' lang='lat' dir='ltr'><strong>Perat,</strong></span> <span class='ocrx_word' id='word_1_223' title='bbox 1273 3341 1398 3426; x_wconf 90' lang='lat' dir='ltr'><strong>idest,</strong></span> <span class='ocrx_word' id='word_1_224' title='bbox 1418 3339 1524 3444; x_wconf 80' lang='lat' dir='ltr'><strong>super</strong></span> <span class='ocrx_word' id='word_1_225' title='bbox 1544 3342 1654 3446; x_wconf 80' lang='lat' dir='ltr'><strong>iplius</strong></span> 
     </span>
     <span class='ocr_line' id='line_1_27' title="bbox 262 3449 1647 3568; baseline 0.001 -28"><span class='ocrx_word' id='word_1_226' title='bbox 262 3461 408 3540; x_wconf 89' lang='lat' dir='ltr'><strong>tumulo</strong></span> <span class='ocrx_word' id='word_1_227' title='bbox 439 3461 484 3540; x_wconf 89' lang='lat' dir='ltr'><strong>ad</strong></span> <span class='ocrx_word' id='word_1_228' title='bbox 513 3485 689 3562; x_wconf 79' lang='lat' dir='ltr'><strong>magnum</strong></span> <span class='ocrx_word' id='word_1_229' title='bbox 715 3455 847 3550; x_wconf 89' lang='lat' dir='ltr'><strong>altare,</strong></span> <span class='ocrx_word' id='word_1_230' title='bbox 883 3465 922 3538; x_wconf 77' lang='lat' dir='ltr'><strong>in</strong></span> <span class='ocrx_word' id='word_1_231' title='bbox 932 3451 1087 3568; x_wconf 76' lang='lat' dir='ltr'><strong>figarum</strong></span> <span class='ocrx_word' id='word_1_232' title='bbox 1113 3459 1199 3536; x_wconf 87' lang='lat' dir='ltr'><strong>veri</strong></span> <span class='ocrx_word' id='word_1_233' title='bbox 1211 3449 1451 3567; x_wconf 78' lang='lat' dir='ltr'><strong>perpetuique</strong></span> <span class='ocrx_word' id='word_1_234' title='bbox 1478 3461 1647 3551; x_wconf 84' lang='lat' dir='ltr'><strong>dominii,</strong></span> 
     </span>
     <span class='ocr_line' id='line_1_28' title="bbox 252 3568 1653 3686; baseline 0.002 -31"><span class='ocrx_word' id='word_1_235' title='bbox 252 3568 324 3686; x_wconf 85' lang='lat' dir='ltr'><strong>sed</strong></span> <span class='ocrx_word' id='word_1_236' title='bbox 341 3579 480 3685; x_wconf 84' lang='lat' dir='ltr'><strong>pietate</strong></span> <span class='ocrx_word' id='word_1_237' title='bbox 499 3574 616 3683; x_wconf 67' lang='lat' dir='ltr'><strong>Regis⁴</strong></span> <span class='ocrx_word' id='word_1_238' title='bbox 630 3570 807 3684; x_wconf 73' lang='lat' dir='ltr'><strong>gratuitd</strong></span> <span class='ocrx_word' id='word_1_239' title='bbox 854 3590 895 3655; x_wconf 90' lang='lat' dir='ltr'><strong>ut</strong></span> <span class='ocrx_word' id='word_1_240' title='bbox 921 3576 1030 3654; x_wconf 89' lang='lat' dir='ltr'><strong>habet</strong></span> <span class='ocrx_word' id='word_1_241' title='bbox 1049 3577 1236 3678; x_wconf 87' lang='lat' dir='ltr'><strong>inscriptio</strong></span> <span class='ocrx_word' id='word_1_242' title='bbox 1252 3577 1436 3678; x_wconf 79' lang='lat' dir='ltr'><strong>cujusdam</strong></span> <span class='ocrx_word' id='word_1_243' title='bbox 1457 3581 1653 3658; x_wconf 85' lang='lat' dir='ltr'><strong>numisma·</strong></span> 
     </span>
     <span class='ocr_line' id='line_1_29' title="bbox 263 3693 1651 3798; baseline 0 -24"><span class='ocrx_word' id='word_1_244' title='bbox 263 3701 320 3787; x_wconf 85' lang='lat' dir='ltr'><strong>tls,</strong></span> <span class='ocrx_word' id='word_1_245' title='bbox 336 3696 364 3774; x_wconf 92' lang='lat' dir='ltr'>P</span> <span class='ocrx_word' id='word_1_246' title='bbox 379 3719 446 3796; x_wconf 81' lang='lat'><strong>1¹³1</strong></span> <span class='ocrx_word' id='word_1_247' title='bbox 457 3722 485 3774; x_wconf 83' lang='lat' dir='ltr'><strong>u</strong></span> <span class='ocrx_word' id='word_1_248' title='bbox 500 3722 514 3772; x_wconf 89' lang='lat' dir='ltr'><strong>r</strong></span> <span class='ocrx_word' id='word_1_249' title='bbox 532 3695 624 3796; x_wconf 84' lang='lat' dir='ltr'><strong>juffu</strong></span> <span class='ocrx_word' id='word_1_250' title='bbox 639 3697 720 3776; x_wconf 85' lang='lat' dir='ltr'><strong>cufi.</strong></span> <span class='ocrx_word' id='word_1_251' title='bbox 751 3697 835 3776; x_wconf 79' lang='lat' dir='ltr'><strong>noa</strong></span> <span class='ocrx_word' id='word_1_252' title='bbox 849 3695 1042 3774; x_wconf 78' lang='lat' dir='ltr'><strong>haecfutre</strong></span> <span class='ocrx_word' id='word_1_253' title='bbox 1054 3695 1094 3772; x_wconf 85' lang='lat' dir='ltr'><strong>A.</strong></span> <span class='ocrx_word' id='word_1_254' title='bbox 1112 3693 1156 3776; x_wconf 75' lang='lat' dir='ltr'><strong>C.</strong></span> <span class='ocrx_word' id='word_1_255' title='bbox 1172 3718 1222 3792; x_wconf 79' lang='lat'><strong>75</strong></span> <span class='ocrx_word' id='word_1_256' title='bbox 1236 3720 1277 3792; x_wconf 85' lang='lat'><strong>53</strong></span> <span class='ocrx_word' id='word_1_257' title='bbox 1294 3712 1402 3798; x_wconf 89' lang='lat' dir='ltr'><strong>atque</strong></span> <span class='ocrx_word' id='word_1_258' title='bbox 1417 3715 1464 3774; x_wconf 83' lang='lat' dir='ltr'><strong>ex</strong></span> <span class='ocrx_word' id='word_1_259' title='bbox 1475 3697 1651 3774; x_wconf 86' lang='lat' dir='ltr'><strong>hoctem-</strong></span> 
     </span>
     <span class='ocr_line' id='line_1_30' title="bbox 264 3807 1652 3918; baseline -0.001 -26"><span class='ocrx_word' id='word_1_260' title='bbox 264 3837 356 3916; x_wconf 89' lang='lat' dir='ltr'><strong>pore</strong></span> <span class='ocrx_word' id='word_1_261' title='bbox 379 3813 508 3916; x_wconf 87' lang='lat' dir='ltr'><strong>Papae,</strong></span> <span class='ocrx_word' id='word_1_262' title='bbox 540 3819 613 3914; x_wconf 86' lang='lat' dir='ltr'><strong>jam</strong></span> <span class='ocrx_word' id='word_1_263' title='bbox 634 3815 777 3918; x_wconf 90' lang='lat' dir='ltr'><strong>politici</strong></span> <span class='ocrx_word' id='word_1_264' title='bbox 796 3813 983 3914; x_wconf 88' lang='lat' dir='ltr'><strong>Principes</strong></span> <span class='ocrx_word' id='word_1_265' title='bbox 1003 3813 1111 3902; x_wconf 77' lang='lat' dir='ltr'><strong>fatti,</strong></span> <span class='ocrx_word' id='word_1_266' title='bbox 1138 3815 1178 3890; x_wconf 90' lang='lat' dir='ltr'><strong>in</strong></span> <span class='ocrx_word' id='word_1_267' title='bbox 1206 3812 1272 3892; x_wconf 87' lang='lat' dir='ltr'><strong>suis</strong></span> <span class='ocrx_word' id='word_1_268' title='bbox 1300 3813 1412 3895; x_wconf 82' lang='lat' dir='ltr'><strong>Bullia</strong></span> <span class='ocrx_word' id='word_1_269' title='bbox 1437 3807 1652 3893; x_wconf 67' lang='lat' dir='ltr'><strong>Graecorum</strong></span> 
     </span>
     <span class='ocr_line' id='line_1_31' title="bbox 264 3921 1600 4039; baseline -0.001 -27"><span class='ocrx_word' id='word_1_270' title='bbox 264 3922 528 4032; x_wconf 82' lang='lat' dir='ltr'><strong>Imperatorum</strong></span> <span class='ocrx_word' id='word_1_271' title='bbox 554 3955 667 4011; x_wconf 88' lang='lat' dir='ltr'><strong>annos</strong></span> <span class='ocrx_word' id='word_1_272' title='bbox 691 3949 841 4024; x_wconf 85' lang='lat' dir='ltr'><strong>notare,</strong></span> <span class='ocrx_word' id='word_1_273' title='bbox 860 3931 962 4032; x_wconf 90' lang='lat' dir='ltr'><strong>quod</strong></span> <span class='ocrx_word' id='word_1_274' title='bbox 976 3933 1146 4010; x_wconf 77' lang='lat' dir='ltr'><strong>hedenus</strong></span> <span class='ocrx_word' id='word_1_275' title='bbox 1164 3932 1333 4022; x_wconf 86' lang='lat' dir='ltr'><strong>fecerant,</strong></span> <span class='ocrx_word' id='word_1_276' title='bbox 1351 3921 1600 4039; x_wconf 69' lang='lat' dir='ltr'><strong>neglerrenrnt.¹</strong></span> 
     </span>
    </p>

    <p class='ocr_par' dir='ltr' id='par_1_9' title="bbox 323 4042 1794 4158">
     <span class='ocr_line' id='line_1_32' title="bbox 323 4042 1794 4158; baseline 0 -30"><span class='ocrx_word' id='word_1_277' title='bbox 323 4046 484 4130; x_wconf 86' lang='lat' dir='ltr'><strong>Posthaec</strong></span> <span class='ocrx_word' id='word_1_278' title='bbox 507 4043 584 4154; x_wconf 87' lang='lat' dir='ltr'><strong>(b),</strong></span> <span class='ocrx_word' id='word_1_279' title='bbox 608 4051 859 4130; x_wconf 82' lang='lat' dir='ltr'><strong>invadentibus</strong></span> <span class='ocrx_word' id='word_1_280' title='bbox 882 4042 1051 4127; x_wconf 73' lang='lat' dir='ltr'><strong>Romanae</strong></span> <span class='ocrx_word' id='word_1_281' title='bbox 1070 4048 1163 4126; x_wconf 83' lang='lat' dir='ltr'><strong>sedis</strong></span> <span class='ocrx_word' id='word_1_282' title='bbox 1192 4050 1350 4130; x_wconf 88' lang='lat' dir='ltr'><strong>ditiones</strong></span> <span class='ocrx_word' id='word_1_283' title='bbox 1371 4048 1645 4158; x_wconf 72' lang='lat' dir='ltr'><strong>longobardis,</strong></span> <span class='ocrx_word' id='word_1_284' title='bbox 1667 4045 1794 4113; x_wconf 73' lang='lat' dir='ltr'><strong>llam</strong></span> 
     </span>
    </p>

    <p class='ocr_par' dir='ltr' id='par_1_10' title="bbox 266 4145 1793 4278">
     <span class='ocr_line' id='line_1_33' title="bbox 266 4145 1793 4278; baseline 0.001 -29"><span class='ocrx_word' id='word_1_285' title='bbox 266 4168 481 4249; x_wconf 75' lang='lat' dir='ltr'>CAROLU</span> <span class='ocrx_word' id='word_1_286' title='bbox 493 4194 523 4246; x_wconf 85' lang='lat' dir='ltr'><strong>rr</strong></span> <span class='ocrx_word' id='word_1_287' title='bbox 539 4167 746 4266; x_wconf 77' lang='lat' dir='ltr'><strong>Magnum.</strong></span> <span class='ocrx_word' id='word_1_288' title='bbox 779 4167 933 4246; x_wconf 81' lang='lat' dir='ltr'><strong>Prnru</strong></span> <span class='ocrx_word' id='word_1_289' title='bbox 951 4193 963 4243; x_wconf 90' lang='lat' dir='ltr'><strong>r</strong></span> <span class='ocrx_word' id='word_1_290' title='bbox 979 4168 1094 4250; x_wconf 79' lang='lat' dir='ltr'><strong>furum</strong></span> <span class='ocrx_word' id='word_1_291' title='bbox 1111 4191 1152 4246; x_wconf 88' lang='lat' dir='ltr'><strong>ac</strong></span> <span class='ocrx_word' id='word_1_292' title='bbox 1171 4167 1427 4262; x_wconf 82' lang='lat' dir='ltr'><strong>succellorem,</strong></span> <span class='ocrx_word' id='word_1_293' title='bbox 1457 4173 1502 4249; x_wconf 89' lang='lat' dir='ltr'><strong>ad</strong></span> <span class='ocrx_word' id='word_1_294' title='bbox 1526 4174 1647 4250; x_wconf 84' lang='lat' dir='ltr'><strong>feten-</strong></span> <span class='ocrx_word' id='word_1_295' title='bbox 1665 4145 1793 4278; x_wconf 42' lang='grc' dir='ltr'><strong>ΜΨ</strong></span> 
     </span>
    </p>

    <p class='ocr_par' dir='ltr' id='par_1_11' title="bbox 267 4231 1833 4392">
     <span class='ocr_line' id='line_1_34' title="bbox 267 4231 1833 4392; baseline -0.001 -28"><span class='ocrx_word' id='word_1_296' title='bbox 267 4285 352 4365; x_wconf 89' lang='lat' dir='ltr'><strong>dam</strong></span> <span class='ocrx_word' id='word_1_297' title='bbox 379 4284 445 4364; x_wconf 79' lang='lat' dir='ltr'><strong>irbi</strong></span> <span class='ocrx_word' id='word_1_298' title='bbox 473 4311 583 4389; x_wconf 86' lang='lat' dir='ltr'><strong>opem</strong></span> <span class='ocrx_word' id='word_1_299' title='bbox 609 4286 704 4389; x_wconf 89' lang='lat' dir='ltr'><strong>Papa</strong></span> <span class='ocrx_word' id='word_1_300' title='bbox 724 4285 1052 4366; x_wconf 76' lang='lat' dir='ltr'><strong>Hannrrnus</strong></span> <span class='ocrx_word' id='word_1_301' title='bbox 1082 4290 1258 4364; x_wconf 83' lang='lat' dir='ltr'><strong>invitavit.</strong></span> <span class='ocrx_word' id='word_1_302' title='bbox 1308 4289 1367 4382; x_wconf 91' lang='lat' dir='ltr'><strong>ls,</strong></span> <span class='ocrx_word' id='word_1_303' title='bbox 1394 4295 1527 4392; x_wconf 79' lang='lat' dir='ltr'><strong>iginu,</strong></span> <span class='ocrx_word' id='word_1_304' title='bbox 1561 4314 1647 4368; x_wconf 90' lang='lat' dir='ltr'><strong>cum</strong></span> <span class='ocrx_word' id='word_1_305' title='bbox 1666 4231 1833 4371; x_wconf 56' lang='lat' dir='ltr'><strong>fflrobars·</strong></span> 
     </span>
    </p>

    <p class='ocr_par' dir='ltr' id='par_1_12' title="bbox 267 4375 1779 4616">
     <span class='ocr_line' id='line_1_35' title="bbox 267 4375 1779 4510; baseline 0.003 -30"><span class='ocrx_word' id='word_1_306' title='bbox 267 4408 433 4484; x_wconf 85' lang='lat' dir='ltr'><strong>exercitu</strong></span> <span class='ocrx_word' id='word_1_307' title='bbox 454 4399 608 4484; x_wconf 79' lang='lat' dir='ltr'><strong>Italiam</strong></span> <span class='ocrx_word' id='word_1_308' title='bbox 627 4405 828 4508; x_wconf 85' lang='lat' dir='ltr'><strong>ingreffus,</strong></span> <span class='ocrx_word' id='word_1_309' title='bbox 852 4396 1174 4510; x_wconf 79' lang='lat' dir='ltr'><strong>Langobarddrque</strong></span> <span class='ocrx_word' id='word_1_310' title='bbox 1203 4406 1375 4499; x_wconf 85' lang='lat' dir='ltr'><strong>adortus,</strong></span> <span class='ocrx_word' id='word_1_311' title='bbox 1404 4431 1534 4497; x_wconf 81' lang='lat' dir='ltr'><strong>eorum</strong></span> <span class='ocrx_word' id='word_1_312' title='bbox 1553 4405 1650 4507; x_wconf 84' lang='lat' dir='ltr'><strong>Reg-</strong></span> <span class='ocrx_word' id='word_1_313' title='bbox 1668 4375 1779 4439; x_wconf 66' lang='lat'><strong>⁶⁰¹⁰¹¹¹⁴</strong></span> 
     </span>
     <span class='ocr_line' id='line_1_36' title="bbox 1083 4521 1655 4616; baseline 0.007 -14"><span class='ocrx_word' id='word_1_314' title='bbox 1083 4521 1148 4602; x_wconf 88' lang='lat' dir='ltr'><strong>Tt</strong></span> <span class='ocrx_word' id='word_1_315' title='bbox 1195 4545 1214 4616; x_wconf 79' lang='lat'>3</span> <span class='ocrx_word' id='word_1_316' title='bbox 1561 4549 1655 4607; x_wconf 90' lang='lat' dir='ltr'><strong>num</strong></span> 
     </span>
    </p>
   </div>
   <div class='ocr_carea' id='block_1_5' title="bbox 266 4687 1657 4865">
    <p class='ocr_par' dir='ltr' id='par_1_13' title="bbox 266 4687 1657 4892">
     <span class='ocr_line' id='line_1_37' title="bbox 308 4687 1657 4779; baseline 0.007 -26"><span class='ocrx_word' id='word_1_317' title='bbox 308 4692 355 4772; x_wconf 78' lang='lat' dir='ltr'><strong>(a)</strong></span> <span class='ocrx_word' id='word_1_318' title='bbox 375 4689 458 4756; x_wconf 82' lang='lat' dir='ltr'><strong>Idem</strong></span> <span class='ocrx_word' id='word_1_319' title='bbox 480 4687 588 4756; x_wconf 80' lang='lat' dir='ltr'><strong>ibidem</strong></span> <span class='ocrx_word' id='word_1_320' title='bbox 610 4691 647 4755; x_wconf 81' lang='lat' dir='ltr'><strong>ad</strong></span> <span class='ocrx_word' id='word_1_321' title='bbox 667 4709 736 4757; x_wconf 80' lang='lat' dir='ltr'><strong>ann.</strong></span> <span class='ocrx_word' id='word_1_322' title='bbox 758 4705 830 4772; x_wconf 79' lang='lat'>7503</span> <span class='ocrx_word' id='word_1_323' title='bbox 850 4694 931 4762; x_wconf 82' lang='lat' dir='ltr'><strong>&amp;ad</strong></span> <span class='ocrx_word' id='word_1_324' title='bbox 1036 4695 1106 4773; x_wconf 80' lang='lat' dir='ltr'><strong>(b)</strong></span> <span class='ocrx_word' id='word_1_325' title='bbox 1127 4694 1193 4758; x_wconf 82' lang='lat' dir='ltr'><strong>vid.</strong></span> <span class='ocrx_word' id='word_1_326' title='bbox 1220 4701 1378 4778; x_wconf 56' lang='lat' dir='ltr'><strong>sponium,</strong></span> <span class='ocrx_word' id='word_1_327' title='bbox 1401 4697 1476 4767; x_wconf 84' lang='lat' dir='ltr'><strong>libro</strong></span> <span class='ocrx_word' id='word_1_328' title='bbox 1493 4701 1599 4779; x_wconf 81' lang='lat' dir='ltr'><strong>citato,</strong></span> <span class='ocrx_word' id='word_1_329' title='bbox 1616 4695 1657 4763; x_wconf 70' lang='lat' dir='ltr'><strong>ad</strong></span> 
     </span>
     <span class='ocr_line' id='line_1_38' title="bbox 266 4771 1376 4865; baseline 0.01 -13"><span class='ocrx_word' id='word_1_330' title='bbox 266 4771 441 4854; x_wconf 64' lang='lat' dir='ltr'><strong>asmata,</strong></span> <span class='ocrx_word' id='word_1_331' title='bbox 460 4791 532 4841; x_wconf 68' lang='lat' dir='ltr'><strong>³11ss·</strong></span> <span class='ocrx_word' id='word_1_332' title='bbox 554 4789 626 4862; x_wconf 67' lang='lat' dir='ltr'><strong>ast,</strong></span> <span class='ocrx_word' id='word_1_333' title='bbox 651 4785 722 4858; x_wconf 73' lang='lat'><strong>754&gt;</strong></span> <span class='ocrx_word' id='word_1_334' title='bbox 739 4792 809 4858; x_wconf 84' lang='lat' dir='ltr'><strong>sar·</strong></span> <span class='ocrx_word' id='word_1_335' title='bbox 997 4793 1105 4845; x_wconf 70' lang='lat' dir='ltr'><strong>unum</strong></span> <span class='ocrx_word' id='word_1_336' title='bbox 1130 4787 1202 4865; x_wconf 76' lang='lat'><strong>773·</strong></span> <span class='ocrx_word' id='word_1_337' title='bbox 1368 4780 1376 4786; x_wconf 82' lang='grc'><em>“</em></span> 
     </span>
    </p>
   </div>
   <div class='ocr_carea' id='block_1_6' title="bbox 0 0 2268 5812">
    <p class='ocr_par' dir='ltr' id='par_1_14' title="bbox 0 0 2268 5812">
     <span class='ocr_line' id='line_1_39' title="bbox 0 0 2268 5812; baseline 0 0"><span class='ocrx_word' id='word_1_338' title='bbox 0 0 2268 5812; x_wconf 95' lang='lat' dir='ltr'><strong> </strong></span> 
     </span>
    </p>
   </div>
  </div>
 </body>
</html>
