4468 5814
396 403 713 497 ANIMAD.
751 405 840 494 IN
881 407 1249 500 OBSERVAT.
1291 411 1369 510 (rc.
1512 443 1595 521 279

221 561 269 648 n'r
293 561 426 645 addere
453 562 517 644 lu
531 587 634 644 nov
646 589 766 644 rcurr
793 559 929 654 XIV,
947 567 1010 668 qui
1028 561 1220 644 diutissime
1236 563 1407 668 Regnum
1426 568 1600 662 obtinuit,

219 687 373 787 reperies
404 707 588 792 quemque
617 685 803 785 sexaginta
830 697 988 786 quatuor
1013 680 1159 782 Regum
1186 675 1604 787 Gallorumrregnaville

218 800 361 884 tantdm
392 803 523 902 uiginti
545 827 675 882 annus.
734 801 836 882 Idem
860 805 898 878 in
930 801 1006 879 aliia
1031 798 1259 898 Regionibus
1283 804 1446 883 accidisse
1471 807 1606 909 perspi·
1748 849 1752 854 ·

220 928 343 1010 cient,
374 923 540 1022 quirem
571 919 875 1000 confiderabuntt
914 915 985 1008 Et,
1010 923 1094 1020 quia
1124 920 1326 1000 breviorem
1356 921 1427 1004 feci
1451 922 1602 1004 Diutur-

219 1045 367 1120 nitatem
386 1051 550 1116 veterum
575 1035 793 1138 Regnorum
817 1031 970 1115 Graeeiae
990 1040 1029 1113 in
1052 1035 1178 1114 eidem
1193 1041 1367 1131 ratione,
1393 1065 1437 1120 ac
1461 1040 1607 1144 Regum

219 1157 542 1246 Dominationem,
573 1157 660 1234 ideo
690 1151 797 1257 posui
815 1153 1100 1257 Expeditionem
1133 1153 1427 1260 Argonauticam
1453 1160 1499 1236 ad
1521 1183 1608 1262 qua·

220 1271 460 1376 dragelimuru
487 1287 657 1378 quartum
673 1295 831 1364 aunum,
852 1268 996 1352 circiter
1011 1273 1092 1373 post
1115 1270 1356 1354 Snrouon
1370 1299 1413 1354 rc
1435 1290 1607 1362 mortem,

221 1391 323 1473 &ad
345 1413 506 1482 annum,
525 1393 607 1494 post
619 1415 722 1488 eam,
739 1389 1044 1494 septuagesimum
1070 1390 1238 1478 sextum,
1262 1397 1436 1492 circiter,
1456 1396 1493 1472 dr
1507 1419 1612 1496 repe-

219 1509 531 1590 rio-Sesosrar
547 1536 578 1587 rn
613 1509 878 1588 vixilleeodem
893 1524 1086 1612 tempore,
1108 1532 1185 1612 quo
1199 1508 1228 1588 S
1237 1535 1257 1588 rr
1270 1532 1319 1588 sa
1332 1533 1464 1590 euna.

232 1679 236 1686 -
297 1628 416 1729 Igitur
445 1629 580 1708 Auctor
602 1625 909 1708 Observationum
927 1624 1136 1706 isententii
1155 1627 1238 1716 mei
1257 1630 1433 1708 aberravit
1455 1631 1493 1708 in
1518 1630 1614 1708 duo-

220 1746 285 1826 bur
317 1750 513 1849 praecipuis
531 1745 764 1846 Argumentis
773 1800 788 1836 ,-
807 1747 939 1848 quibus
965 1757 1089 1842 totum
1118 1747 1266 1842 nititur3
1291 1749 1329 1825 &
1358 1745 1540 1849 aggressus
1567 1749 1616 1826 est
1688 1751 1691 1758 ’

220 1879 355 1944 uetere
371 1933 379 1940 .
395 1888 437 1943 ac
474 1865 629 1944 refutare
656 1863 868 1966 Scriptum,
895 1864 1005 1968 quod·
1024 1885 1102 1940 non
1132 1857 1381 1964 intelligebat,
1413 1891 1455 1946 ac
1481 1863 1617 1944 defide-

221 1985 273 2062 rio
301 1982 400 2064 illius
424 1982 558 2060 edendi
574 1981 739 2082 flagravit
760 2005 821 2060 me
848 2005 926 2061 non
956 1979 1185 2072 assentiente,
1211 2006 1433 2086 quamquam
1453 1985 1546 2064 illud
1562 1987 1617 2060 ni·

220 2099 282 2180 hili
307 2099 514 2202 penderet,
532 2096 609 2201 qud
631 2098 693 2178 fibi
711 2119 845 2190 nomen
866 2100 1017 2204 aliquod
1032 2096 1175 2188 faceret,
1193 2098 1333 2179 librum*
1345 2103 1445 2180 hunc
1459 2119 1614 2192 vertens,

221 2231 258 2296 ut
277 2239 363 2298 eum
382 2217 604 2306 confutaret,
631 2221 674 2295 &·
686 2219 847 2296 refluens
862 2218 926 2308 id,
953 2214 1055 2320 quod
1076 2218 1150 2318 ipse
1166 2232 1329 2297 verterat.
1554 2231 1555 2238 '

213 2331 219 2338 ’
301 2335 406 2415 ldem
431 2339 511 2426 ait,
537 2329 674 2439 qudd,
698 2331 899 2415 secundum
930 2357 1019 2424 me,
1051 2331 1225 2442 AEgyprii
1251 2349 1446 2438 coeperunt
1476 2337 1619 2416 circiter

221 2451 539 2554 nongenteumum
570 2477 706 2534 annum
730 2469 814 2532 aute
853 2450 1130 2532 Cunrsnurr
1156 2451 1221 2530 fibi
1258 2451 1495 2552 Religionem
1511 2479 1619 2533 orna-

221 2591 278 2661 re,
301 2574 339 2650 δι
360 2565 570 2662 Homines,
586 2576 649 2674 qui
672 2571 776 2652 Artes
796 2569 1029 2662 inveniffent,
1056 2571 1153 2649 inter
1169 2567 1277 2652 Deos
1294 2573 1450 2661 referre,
1467 2571 1554 2652 ciun
1568 2587 1622 2652 ta-

223 2711 305 2766 men
331 2691 470 2792 liqueat
488 2713 536 2768 ex
560 2687 663 2768 sacris
687 2683 856 2780 Litterir,
888 2679 954 2770 eos
971 2687 1077 2768 ldola
1110 2691 1148 2768 dc
1176 2689 1280 2770 Artes
1311 2688 1471 2770 habuilie
1497 2694 1620 2771 riven·

222 2808 315 2888 tibus
345 2806 544 2899 Morsu,
569 2809 607 2885 dr
631 2805 655 2910 J
664 2831 836 2887 acono.
884 2805 957 2886 Sed
986 2803 1106 2888 rursirs
1124 2806 1266 2887 fallitur.
1299 2809 1501 2912 Nunquam
1522 2806 1616 2888 affir-

220 2928 344 3017 mari,
378 2921 487 3028 qudd-
503 2925 675 3026 Regnum
697 2927 879 3007 inferioris
897 2916 1060 3033 AEgppti
1087 2925 1224 3004 ditium
1255 2917 1457 3008 Miarmrrr
1480 2927 1620 3006 nullam
1771 2945 1782 2962 ¹

220 3041 384 3124 babuerit
405 3042 469 3122 libi
495 3047 685 3148 propriam
717 3042 977 3146 Religionem,
1005 3042 1200 3144 antequam
1228 3041 1248 3122 l
1276 3041 1481 3126 Pastoribuc
1520 3044 1619 3124 inva-

224 3161 366 3242 deretur
407 3187 450 3262 ac
490 3163 783 3259 submitteretur3
814 3160 835 3240 a
863 3158 1092 3252 Pastotibus,
1115 3164 1288 3264 inquam,
1325 3161 1438 3240 aliam
1456 3161 1619 3264 Religio-
1679 3169 1682 3174 ’

221 3302 307 3358 nem
324 3280 554 3384 sequentibus
571 3308 579 3358 :
598 3280 670 3360 Sed
686 3281 788 3370 dixi,
810 3275 913 3382 qudd
933 3271 1121 3376 Thebani,
1143 3276 1300 3381 expulsis
1321 3277 1538 3372 Pastoribuc,
1557 3277 1619 3358 ad

221 3395 403 3478 eluxerunt
429 3423 573 3478 morem
591 3399 764 3478 adorandi
782 3397 925 3500 Reges,
951 3401 987 3478 δι
1005 3397 1192 3500 Principes
1215 3398 1309 3478 suos.
1343 3397 1435 3478 Dixi
1452 3401 1612 3500 pariter,

222 3511 323 3618 qudd
356 3515 457 3596 Artes
483 3522 520 3594 in
543 3510 732 3626 Europam
760 3515 920 3598 maxime
950 3517 1065 3596 allatae
1095 3513 1294 3596 suerunta
1331 3512 1543 3606 Phoeniciis,
1581 3503 1619 3591 de

223 3625 422 3714 carnibus
446 3637 648 3714 viventibus
668 3635 882 3727 Cauno,
903 3635 940 3714 aa
968 3633 1041 3713 Dr
1058 3660 1106 3711 vr
1120 3656 1202 3726 ur,
1221 3637 1365 3714 circiter
1383 3657 1520 3714 annum
1536 3627 1618 3712 mil-

222 3748 383 3829 lesimum
410 3752 723 3857 quadragesimum
751 3756 911 3854 primum
929 3768 1011 3831 aute
1032 3751 1325 3848 Camarum
1342 3753 1413 3830 sed.
1426 3773 1616 3852 nunquam

223 3867 345 3948 asserui
361 3894 418 3948 eas
433 3885 537 3948 notas
557 3895 635 3950 non
657 3867 758 3949 fuisse
782 3875 820 3947 in
844 3862 1045 3962 Phenicid,
1081 3869 1266 3982 AEgypto,
1292 3889 1400 3973 atque
1426 3860 1612 3966 lrumaei,
1715 3932 1721 3946 ,

223 4001 417 4088 antequam
442 3991 480 4064 in
511 3981 699 4095 Europam
724 3988 1046 4068 transveherentur.

303 4104 438 4184 Auctor
457 4104 764 4187 Observationum
788 4107 837 4184 ait
861 4130 1033 4208 quoque,
1056 4099 1158 4208 qudd
1183 4106 1230 4184 ad
1259 4128 1397 4184 annum
1423 4103 1613 4200 ottingen-

222 4218 387 4299 telimum
410 4223 577 4302 osterum
597 4241 789 4328 quartum,
813 4237 895 4300 ante
915 4223 1212 4317 Cnnrsrun,
1244 4223 1360 4302 statuo
1378 4221 1527 4302 Initium
1543 4219 1613 4301 Ca·

223 4339 675 4442 nicularis'AEgyptiomm
712 4339 817 4442 Cycli
847 4343 887 4416 in
909 4363 1022 4419 remo
1057 4338 1316 4442 AEquinotlio,
1347 4337 1485 4420 tametsi
1517 4362 1611 4418 nun-

226 4479 335 4558 qnam
351 4453 448 4536 Vere
474 4461 651 4560 inceperit
669 4459 802 4550 Cvclus
819 4459 890 4534 ille.
937 4457 1007 4536 Sed
1024 4454 1148 4539 denud
1163 4459 1306 4537 fallitur.
1335 4454 1489 4562 Loquor
1510 4460 1609 4534 enim

224 4573 266 4651 de
291 4597 390 4655 anuo
412 4567 588 4686 AEgyprir
603 4578 787 4655 constante
807 4577 933 4654 diebus
952 4583 1120 4660 tercentis
1136 4577 1317 4680 sexaginta
1340 4578 1502 4684 quinque
1518 4593 1528 4650 τ
1543 4569 1606 4652 De

222 4685 339 4804 §5019
361 4707 484 4806 altem
504 4697 597 4806 isto,
621 4719 668 4807 ne
689 4695 840 4809 yetbuua
863 4693 1028 4803 quidem
1439 4818 1444 4830 Ι
1498 4683 1605 4799 Dicit
