4456 5800
666 367 747 446 an
978 347 1498 486 pruscorum·
1547 357 1747 449 xrrrr

472 487 580 567 clf·
598 491 639 559 Π*
660 507 761 624 veste
783 516 834 612 dr
847 516 982 629 slatus
1009 524 1055 603 M
1068 551 1081 604 1
1094 543 1270 604 uranu
1296 500 1625 628 {quandoquidem
1654 533 1742 598 tunc
1774 513 1903 598 bellica
1933 515 2045 604 studia

634 655 767 715 ,eram
801 636 910 720 Viris
947 635 997 730 ἐν
1025 636 1268 723 Muneribus
1303 639 1514 719 communia.
1562 639 1667 718 Hac
1696 641 1818 716 omnia
1855 639 2042 722 manifestd

657 755 905 839 demonstrant
937 759 1041 840 Deos
1074 763 1182 840 hosce
1209 757 1311 838 fuisse
1336 756 1420 837 illos
1447 816 1457 846 ,
1486 763 1550 860 qui
1589 757 1721 835 deinde
1753 759 1836 834 diui
1866 759 1946 837 sunt
1972 755 2045 838 Dii

656 875 783 977 magas
817 877 996 984 mety'orurn
1027 871 1257 970 Gentium,
1301 880 1339 956 &
1376 873 1499 956 vixisse
1545 881 1639 954 inter
1681 875 1968 958 Caenonem
2005 879 2043 956 da

643 986 938 1094 'Tursaun3
973 1011 1082 1100 atque
1110 1001 1147 1074 in
1178 1021 1225 1076 eo
1253 993 1425 1074 Poemate
1460 993 1635 1094 descripta
1666 991 1766 1070 firilse
1792 992 1918 1083 bella,
1960 1019 2041 1097 qua
2214 989 2215 1062 l

656 1104 942 1192 Sasosanrs
979 1139 1063 1192 cum
1098 1114 1493 1216 fratrefNeProuo
1525 1111 1627 1214 geffit
1659 1110 1772 1188 Terra
1802 1109 1971 1212 Marsque
2001 1116 2040 1192 in
2214 1063 2215 1148 l

637 1221 817 1322 'thtes,
836 1243 895 1309 ac
919 1233 1163 1334 repulfionem
1192 1249 1302 1336 quam
1325 1229 1351 1309 'a
1384 1220 1522 1310 Grecis
1549 1228 1663 1332 passus
1693 1230 1767 1319 est,
1804 1231 1840 1304 &
1864 1231 2038 1330 postenn-

634 1339 732 1424 v'rem
756 1344 912 1462 AEgypti
936 1350 1159 1428 invafionem
1180 1345 1199 1427 ὲ
1217 1349 1478 1429 Nurrurao
1507 1349 1646 1427 fatiam.
1692 1346 1749 1427 Ibi
1782 1352 1913 1449 pariter
1939 1350 2037 1449 lege-
2214 1371 2215 1446 q

639 1461 756 1545 ·batur
790 1469 983 1570 quomodo
1009 1466 1285 1554 Sasosanrs
1323 1465 1447 1546 Duces
1480 1469 1574 1545 inter
1608 1467 1642 1544 se
1673 1463 1858 1566 Regiones
1896 1469 2031 1546 abillo
2214 1447 2215 1527 l

650 1587 807 1664 domitas
836 1590 955 1686 partiti
989 1587 1164 1680 fuerunt,
1199 1578 1280 1692 (ut
1301 1585 1419 1685 longo
1447 1580 1529 1688 pdst
1558 1597 1724 1685 tempore
1757 1585 1921 1662 fecerunt
1955 1584 2036 1678 Du·¹

636 1707 707 1782 'ces
734 1704 1053 1783 Arantuuar
1096 1703 1249 1802 Magni,
1267 1696 1360 1816 ).&
1395 1699 1459 1779 fibi
1487 1700 1680 1803 Templa,
1714 1702 1958 1794 Sacerdotes,
1994 1704 2031 1780 u

645 1821 750 1899 Sacra
790 1823 1087 1910 constituerunt,
1117 1823 1155 1898 &
1182 1825 1221 1898 io
1254 1816 1359 1898 cauld
1386 1819 1533 1898 filerunt
1571 1843 1636 1897 cur
1674 1819 1810 1898 Gentes
1850 1821 1933 1897 illos
1958 1825 2030 1920 jam

615 1951 839 2029 mortuos,
862 1955 1034 2041 tanquam
1060 1937 1190 2028 Deos,
1217 1952 1495 2033 venerarenturt
1534 1939 1571 2014 δι
1593 1931 1695 2039 qudd
1724 1931 1847 2015 Gadir
1866 1952 1927 2015 aut
1950 1933 2028 2014 Ga-
2101 1931 2109 1950 '

642 2052 703 2132 des
731 2057 846 2134 Insula
871 2082 955 2136 curn
979 2055 1056 2135 totl
1080 2048 1196 2136 Libit
1223 2059 1261 2132 in
1285 2070 1424 2157 partem
1452 2055 1586 2154 obtigit
1605 2055 1681 2144 illi,
1709 2059 1790 2156 qui,
1823 2055 1905 2156 post
1935 2061 2027 2134 inte-

633 2175 773 2261 ritum,
804 2173 869 2252 sub
895 2175 1136 2256 Narruur
1174 2178 1326 2250 nomine
1360 2176 1454 2250 inter
1484 2171 1588 2251 Deos
1620 2174 1691 2248 fuit
1727 2172 1894 2250 relatus·
1925 2173 2025 2268 Qua-

631 2280 791 2392 propter
819 2292 916 2382 haec,
948 2283 1148 2369 secuoddm
1181 2291 1456 2379 Souonun,
1485 2291 1695 2401 acciderunt
1717 2291 2024 2394 temporeNrr·

637 2423 770 2488 auur
795 2407 906 2511 patris
930 2408 1226 2502 Arcanum
1250 2410 1363 2486 docet
1386 2420 1509 2486 autem
1533 2403 1816 2507 Homerus,
1843 2405 2024 2510 quddsta-

634 2527 703 2602 tim
734 2529 815 2627 post
836 2529 1021 2605 excidium
1057 2517 1176 2621 Troia
1216 2523 1447 2606 Uarssas
1472 2526 1645 2604 convenit
1674 2525 1954 2604 Canursurr
1976 2525 2023 2603 fi-

632 2643 721 2720 liam
760 2643 1030 2722 Arnnurrs
1064 2644 1102 2718 in
1135 2640 1258 2722 Insuls
1288 2635 1477 2748 Ogygid,
1517 2639 1659 2758 fortasse
1691 2637 1844 2738 Gadir3
1880 2643 2020 2722 idcirco

631 2760 712 2838 haec
738 2761 826 2839 fasta
855 2762 936 2840 sunt
962 2760 1100 2838 duabus
1133 2759 1392 2838 tantummodo
1433 2759 1738 2840 Generationibus
1768 2775 1851 2838 ante
1880 2762 2019 2838 bellum

638 2869 846 2984 Trq'anum.
908 2876 980 2960 Hic
1008 2877 1058 2955 est
1084 2877 1366 2955 Ntrrunus
1401 2878 1502 2970 ille,
1538 2881 1602 2978 qui
1638 2903 1723 2956 cum
1747 2877 2015 2968 Arorrrun

628 3011 692 3076 aut
732 2997 870 3089 Ono,
900 2995 1071 3095 Regnum
1091 2995 1280 3072 obtinente
1309 2993 1700 3085 Lnonanoura,
1722 2993 1923 3074 Parum
1954 3022 2016 3101 pa-

618 3115 706 3203 tre,
739 3107 885 3214 Trojam
903 3115 998 3191 vallo
1021 3113 1196 3200 munivit,
1231 3111 1267 3188 &
1294 3115 1332 3188 in
1361 3103 1509 3190 Gracia
1530 3113 1683 3215 'reliquit
1698 3113 1817 3214 plures
1837 3115 2010 3204 Notlros,

624 3255 784 3334 quorum
813 3231 982 3310 nonnulli
1007 3233 1099 3306 inter
1135 3222 1373 3331 Argonautas
1399 3231 1574 3323 suerunt3
1596 3246 1819 3333 quapropter
1844 3233 1916 3311 una
1933 3249 2013 3312 tan-

623 3345 704 3426 trlm
736 3347 980 3426 Generatione
1012 3345 1134 3424 floruit
1172 3359 1255 3422 ante
1286 3341 1592 3451 Argonautarum
1627 3349 1936 3448 expeditionem,
1974 3353 2013 3429 ta

622 3465 762 3543 idcirco
790 3470 932 3545 circiter
953 3476 1206 3568 quatercentos
1237 3485 1352 3542 annos
1379 3480 1573 3568 antequam
1605 3465 1780 3543 Soaou
1801 3459 2010 3577 AEgyptum

620 3585 759 3685 petivit.
822 3584 893 3662 Sed
918 3579 1091 3689 AEgyptii
1116 3582 1329 3661 Sacerdotes
1358 3607 1425 3685 per
1454 3584 1523 3662 hos
1546 3598 1798 3685 quatercentos
1820 3610 1935 3664 annos
1954 3593 2007 3668 ita

619 3697 790 3780 Deorum
817 3697 966 3780 ¹suorum
1000 3701 1161 3776 historias
1196 3701 1232 3776 dt
1267 3705 1495 3802 antiquitates
1531 3697 1829 3801 amplificdrunt‚
1866 3719 1909 3782 ut
1939 3731 2006 3786 eos

620 3820 771 3921 quidem
798 3819 956 3899 facerent
982 3821 1068 3894 totis
1106 3841 1240 3894 novem
1269 3841 1451 3896 annorum
1483 3819 1641 3895 millibus
1670 3819 1880 3898 Sorores
1910 3829 2007 3900 anti-

620 3940 764 4038 quiores
774 3967 793 4025 ,·
822 3936 976 4016 Insulam
1005 3929 1092 4012 verd
1121 3928 1348 4013 Atlantidum
1370 3927 1461 4041 Assel
1486 3935 1523 4012 &
1552 3925 1693 4040 Africd
1716 3937 1819 4016 simul
1849 3941 2004 4040 sumptis

617 4056 795 4149 majorem
826 4058 863 4132 ἃ
888 4055 1030 4157 populo
1053 4050 1331 4144 refertissimam,
1365 4051 1452 4132 olm
1481 4070 1602 4131 autern
1630 4055 1707 4132 haec
1732 4070 1829 4134 tanta
1852 4055 2001 4149 Insula,

619 4166 827 4248 Sotoue
850 4176 1009 4261 vivente,
1034 4165 1207 4272 nusquam
1239 4185 1446 4272 appareret,
1478 4172 1576 4249 illam
1604 4175 1645 4250 in
1677 4171 1780 4260 Mare
1805 4199 1889 4254 cum
1917 4202 2003 4255 otn-

616 4284 723 4362 nibus
754 4287 889 4364 Incolis
922 4289 1118 4365 demersam
1145 4287 1243 4365 fuisse
1270 4289 1575 4370 contenderunt:
1608 4303 1706 4370 tanta
1741 4295 1812 4372 fuit
1834 4296 2003 4395 jattantia

615 4400 853 4483 Sacerdotum
882 4397 1141 4518 AEgpptiolum
1162 4408 1390 4510 antiquitates
1413 4406 1489 4486 suas
1510 4393 1781 4491 extollentium:

1894 4527 2005 4611 affir-
