4434 5850
305 357 797 462 'onerarere
836 367 1401 469 innnocnrra.
1451 373 1455 380 ’
1523 407 1608 492 457
1673 365 1676 372 ’

205 559 289 620 orna
312 541 545 630 mittebatur,
578 565 640 620 eos
662 547 732 646 qui·
747 542 888 642 signum
906 543 1115 646 nome'nque
1136 544 1256 623 Bestiae
1281 545 1478 642 recipiunt,
1502 537 1604 620 ciim-
1644 566 1707 636 m,
1726 537 1789 644 qia

207 683 280 762 que
302 663 433 760 magna
458 661 649 744 Meretrice
673 664 711 738 in
739 661 917 738 desertum
939 661 1103 740 tendunt
1625 643 1791 806 W'f?

200 819 203 826 ·
267 775 366 856 Cirm
395 781 514 880 itaque
545 777 633 854 servi
656 777 730 856 Dei
754 769 983 878 Expiationis
1005 779 1063 854 die
1095 778 1358 880 obsignentur,
1392 777 1532 881 opinari
1557 777 1599 854 li-
1619 743 1780 869 mm

207 906 290 981 eet,
324 893 418 972 hanc
440 893 728 994 obsignationem
755 909 919 993 tempore
952 893 1165 993 respondere
1188 897 1309 994 (a),
1329 900 1371 973 iis
1396 896 1495 984 risis,
1519 919 1598 996 quae

203 1008 419 1110 Jonuur,
452 1011 497 1088 ad
523 1013 746 1112 apertionem
768 1009 907 1110 septimi
929 1009 1055 1112 sigilli,
1080 1011 1199 1090 oblata
1220 1013 1323 1107 sunt;
1355 1012 1595 1114 Agni'amque,
1638 982 1782 1128 9253*

205 1129 271 1204 ubi
291 1127 352 1204 sex
376 1127 397 1205 ὲ
417 1127 537 1228 sigillis
557 1125 762 1227 aperuisset,
793 1125 1002 1230 ridisle'tque
1021 1152 1085 1216 ea,
1113 1153 1192 1230 quae
1218 1121 1481 1209 adinnoriusn
1503 1129 1600 1228 spec-
1623 1079 1778 1221 subteges]

205 1257 342 1322 tantem
369 1245 454 1322 sexti
487 1245 616 1342 [solii]
646 1261 783 1348 partem
806 1247 1033 1345 pertinebant
1060 1245 1158 1334 visa,
1190 1247 1341 1327 oculum
1365 1252 1404 1324 in
1425 1248 1600 1349 posticam
1622 1239 1777 1371 ‘⁶3¹ngss

204 1377 346 1462 partem
365 1361 507 1461 septimi
530 1361 610 1438 folii
629 1361 857 1450 convertisse,
884 1385 925 1439 ac
946 1375 1038 1455 tum¹
1047 1361 1168 1439 vidisse
1195 1357 1597 1470 [JoanniirMn-
1621 1329 1771 1469 ξῑῑξζοροιι

195 1477 298 1582 gelas
320 1499 495 1584 quatuor,
529 1482 718 1554 retinentes
739 1498 889 1583 quatuor
905 1497 1033 1556 ventes
1053 1478 1156 1564 celi,
1188 1473 1371 1588 elinimqne
1387 1473 1595 1586 Angelum,
1621 1481 1752 1613 apssm

202 1585 250 1668 ab
275 1583 427 1684 Oriente
450 1589 737 1695 adscendentem,
753 1597 755 1602 ’
770 1588 977 1698 cumfigille
1000 1589 1088 1673 Dei.
1148 1597 1261 1686 Put'a,
1290 1603 1417 1685 etiam,
1438 1597 1599 1698 Angelos
1620 1550 1788 1714 {33:¹2

202 1715 269 1812 qui
296 1727 422 1788 ventos
442 1713 663 1800 retinebant,
690 1710 792 1790 fuisse
813 1726 968 1813 quatuor
990 1715 1127 1813 priores
1154 1713 1482 1814 illorumseptem,
1504 1718 1595 1818 qui,

203 1827 293 1906 curn
315 1829 506 1928 septimum
524 1825 680 1928 sigillum
694 1834 909 1930 aperiretur,
937 1829 1064 1906 stantes
1082 1854 1207 1908 coram
1224 1829 1310 1909 Deo
1327 1831 1506 1933 oonspeili
1518 1832 1600 1910 sinit

201 1936 302 2041 (b);
331 1967 493 2050 necnon
521 1943 575 2020 liis
597 1960 725 2023 ventos
757 1947 1013 2034 retinentibus,
1036 1941 1217 2048 silentium
1244 1951 1286 2022 in
1310 1945 1391 2024 cele
1407 1968 1473 2053 per
1479 1945 1598 2051 semi.-

202 2053 327 2136 beram
340 2054 452 2163 feiffe
462 2089 476 2146 ‚·
503 2057 642 2162 porro,
668 2059 756 2142 dum
777 2063 867 2140 servi
888 2061 961 2140 Dei
988 2063 1281 2163 obsignarentur,
1312 2064 1495 2164 Angelum
1506 2105 1519 2153 ,·
1533 2068 1599 2166 qui

202 2201 352 2258 aureum
375 2178 603 2258 thuribulum
628 2183 794 2266 terrebat,
827 2179 986 2280 ipsorum
1004 2204 1153 2279 preces,
1186 2181 1488 2270 madoribus,
1509 2180 1597 2259 Deo

199 2291 390 2384 obtulisse,
421 2299 459 2372 in
493 2306 603 2375 aureo
633 2294 759 2384 altari,
791 2319 833 2374 ac
868 2294 1059 2396 praelegisse
1082 2295 1220 2396 Legem
1232 2321 1244 2390 ;
1276 2297 1452 2400 denique,
1485 2295 1596 2398 qubrn

199 2411 365 2515 primitm
389 2412 443 2490 illi
460 2411 636 2514 obsignati
656 2411 787 2502 effent,
814 2429 960 2500 ventos,
984 2413 1172 2513 adprime
1194 2416 1354 2492 buccinae
1373 2413 1593 2513 clangorem,
1635 2427 1636 2430 ‘

201 2527 362 2608 nocuisse
377 2544 499 2626 terrae;
531 2531 576 2608 ad
594 2529 802 2631 clangorem
814 2529 997 2618 secundae,
1023 2533 1136 2626 mari3
1167 2530 1419 2608 denotantibus
1440 2531 1494 2606 his
1511 2553 1599 2610 ven·

200 2647 247 2725 tis
274 2646 385 2735 bella,
418 2647 463 2725 ad
489 2657 570 2749 quae
585 2650 722 2748 priores
741 2662 896 2750 quatuor
909 2649 1071 2725 buccine
1091 2647 1248 2748 populor
1266 2647 1436 2752 ¹clangore
1454 2647 1518 2725 suo
1536 2669 1598 2729 ex-

198 2765 367 2842 citabant.
428 2762 595 2854 Etenim,
628 2780 670 2844 ut
693 2768 813 2866 priora
827 2779 982 2868 quatuor
1003 2761 1135 2864 sigilla,
1168 2763 1320 2843 btribut
1339 2765 1595 2864 posterioribus

199 2880 497 2980 distinguuntur,
532 2879 608 2984 eo,
641 2883 742 2983 quod
773 2882 842 2960 illis
871 2885 1022 2980 apertis,
1054 2879 1259 2980 singulatim
1286 2879 1596 2982 conspiciebantur

199 3014 357 3102 quatuor
387 3003 609 3101 equitantes,
642 2999 761 3078 versus
783 2998 938 3096 totidem
972 2997 1092 3098 plagas
1118 2995 1226 3092 coeli3
1257 2985 1305 3074 ita
1336 2999 1374 3072 &
1404 2993 1515 3084 bella,
1548 2995 1595 3074 ad
1626 3003 1629 3008 ’

199 3138 281 3216 qute
304 3118 470 3214 priorum
494 3133 649 3218 quatuor
673 3117 906 3216 buccinarum
928 3114 1034 3193 sonus
1052 3114 1210 3214 populos
1225 3114 1421 3200 excitabat,
1443 3114 1487 3189 ab
1502 3111 1589 3200 niis,

196 3233 330 3332 quibus
355 3247 425 3308 tres
444 3235 657 3332 posteriores
677 3233 930 3320 inserviebant,
959 3232 1251 3332 distinguuntur,
1285 3228 1593 3331 representatione

198 3347 374 3436 illorum,
406 3347 520 3449 specie
540 3371 694 3456 quatuor
720 3369 933 3437 ventorum,
965 3349 1099 3427 horum
1121 3363 1271 3436 autem,
1294 3350 1464 3424 nomine·
1477 3344 1594 3452 tripli·

191 3466 272 3558 rei,
303 3455 441 3572 pirisque
461 3471 614 3570 ingentis
639 3462 711 3546 Va.
1274 3489 1277 3494 ·
1346 3465 1348 3469 ’
1471 3515 1473 3518 -
1584 3483 1586 3487 ·

192 3639 196 3646 v
258 3580 301 3661 ln
324 3579 486 3684 'quodam
509 3605 555 3661 err
584 3583 662 3662 visis
684 3581 931 3662 Ezrirrrrr
958 3581 1094 3659 oblatis
1120 3579 1227 3678 (r),
1254 3583 1404 3662 instante
1426 3585 1502 3681 jam·
1531 3577 1592 3658 ab·
1613 3541 1781 3708 ἓξὲξ

193 3699 369 3776 duilione
393 3693 590 3794 imorum
622 3705 661 3778 iri
698 3699 861 3778 exsilium
895 3692 1174 3805 Babylonicum,
1215 3698 1395 3800 conlpeili
1421 3697 1502 3777 sunt
1519 3691 1591 3800 sex
1613 3709 1735 3772 lucent
1843 3699 1845 3708 '

195 3817 300 3904 viri,
331 3821 446 3892 armis
474 3815 528 3892 ed
548 3816 671 3919 cedem
691 3814 887 3915 instato,-
920 3811 966 3906 ό·
980 3809 1156 3921 septimus
1189 3813 1301 3913 (d),
1329 3819 1392 3916 qui
1423 3818 1516 3892 inter
1534 3811 1591 3892 err
1612 3784 1793 3946 3333ξῇοῑ

186 3935 421 4033 comparuit,
438 3927 531 4010 albis
550 3931 768 4035 vestimentis
788 3932 888 4010 lineri
905 3933 1079 4024 amicius,
1110 3956 1192 4008 cem
1213 3925 1589 4036 atramentariescrip·
1611 3951 1722 4034 ponuat

190 4053 283 4127 terri
298 4047 351 4125 ad
367 4057 447 4152 'ejns
469 4047 566 4128 latus
586 4046 749 4157 aabeerso,
756 4069 824 4156 per
845 4049 1003 4127 medium
1026 4042 1345 4154 Hierosolymam
1365 4051 1416 4125 '⁸7‘
1427 4039 1594 4184 ΜΝ·
1609 4035 1694 4190 vigssg
1711 4119 1774 4184 IX·

240 4346 305 4428 (a)
326 4351 355 4411 ir
366 4319 560 4427 synchranai,
960 4342 1028 4419 (ei)
1055 4345 1097 4408 lta
1117 4347 1282 4408 amimae.
1321 4343 1481 4422 inroitu,
1498 4345 1589 4422 verb,

196 4469 200 4476 -
238 4429 304 4502 (b)
325 4427 393 4504 Cap.
415 4425 492 4489 Vlll.
516 4445 544 4492 2.
920 4423 969 4487 illa
993 4445 1050 4487 ror
1068 4441 1126 4486 non
1144 4425 1420 4502 additursilttamen
1437 4426 1591 4505 septimum

240 4509 302 4586 tr)
322 4507 407 4570 Ezelr.
430 4505 482 4570 lX·
503 4527 532 4572 a.
919 4506 1001 4570 fuisse
1022 4525 1080 4569 non
1103 4505 1152 4570 abs
1173 4525 1204 4567 re
1223 4505 1339 4568 censent
1358 4509 1540 4591 interpretes.
1612 4517 1615 4558 ὶ

258 4627 308 4738 ffi
333 4625 498 4720 Nea-roni
521 4625 718 4740 Opnscnla,
744 4633 852 4714 Toni.
872 4631 947 4712 111.
1169 4627 1215 4708 M
1228 4655 1317 4742 mni
