5092 5906
762 389 818 460 70
1066 284 1630 436 oroscurorr
1677 345 1884 436 xxrrr.

561 499 684 584 '⁰st
712 517 735 584 l·
765 535 839 612 tet,
865 511 968 621 qudd
1000 509 1125 593 Greci
1149 511 1310 590 fecerant
1332 512 1609 614 expeditionem
1633 508 1924 620 Argonauticon
1944 519 2070 606 anuis,
2088 522 2156 598 cir-

770 642 884 725 citer,
905 636 1072 712 tercentis
1089 653 1195 732 aequo
1221 632 1486 730 antiquiorem3
1507 631 1610 733 quod
1628 635 1667 708 in
1686 633 1786 712 cauli
1807 633 1903 726 fuit,
1925 657 2160 736 curmagnuc

768 754 807 836 H
823 776 865 835 11³
878 775 1033 831 eruore
1045 773 1097 826 us
1119 749 1327 847 opinaretur
1344 747 1616 849 AEquinodiunr
1642 752 1785 850 regredi
1802 775 1880 831 uuo
1905 749 2048 832 tantum
2066 751 2158 834 Gra·

766 873 840 969 du,
869 881 1189 974 quoquecentum
1215 885 1396 946 annorum
1414 867 1617 944 intervallo.
2153 941 2156 948 .

855 987 981 1066 usserit
1010 983 1271 1062 Husroous
1305 1042 1317 1074 ,
1356 979 1459 1084 qubd
1487 982 1707 1084 sexagesimo
1740 985 1802 1062 die
1835 983 1918 1088 poli
1949 987 2159 1088 hybernum

765 1107 965 1186 Solstitium
997 1102 1106 1178 Stella
1141 1093 1329 1179 Artium
1360 1103 1543 1180 oriebatur
1568 1102 1710 1204 inipso
1743 1102 1838 1183 Solis
1866 1105 2027 1183 occasu:
2055 1103 2156 1184 Hinc

706 1272 713 1288 .
766 1223 961 1304 conficitur
988 1218 1114 1299 Husr
1131 1242 1274 1298 oounr
1306 1218 1462 1298 floruisse
1490 1223 1632 1298 circiter
1657 1219 1893 1300 centefimum
1914 1244 2050 1300 anuum
2073 1223 2157 1323 post

767 1341 1066 1420 Surononrs
1101 1351 1284 1427 mortem,
1321 1338 1379 1414 vel
1414 1336 1681 1428 Generatiooe‚
1712 1354 1772 1418 aut
1792 1339 1933 1427 AEtate,
1962 1364 2042 1442 quae
2070 1363 2158 1440 pro·

766 1457 867 1536 xime
897 1459 1014 1536 secuta
1051 1458 1101 1533 est
1141 1454 1281 1532 bellum
1317 1447 1517 1556 Troianum
1527 1480 1540 1551 ;
1572 1455 1675 1559 quod
1706 1453 1956 1536 Husrouus
1987 1456 2062 1559 ipse
2103 1457 2156 1535 fa·

767 1589 872 1654 tetur.
1146 1644 1149 1652 ,

852 1690 909 1771 Ex
934 1692 990 1768 his
1011 1692 1203 1784 omnibus,
1231 1717 1311 1794 quae
1337 1689 1559 1770 craffioribus
1583 1689 1759 1770 Veterum
1778 1690 2085 1770 observationibus
2101 1691 2157 1770 io.

767 1811 961 1904 nituntur,
988 1805 1089 1886 certd
1114 1812 1286 1918 colligere
1316 1813 1402 1888 licet
1422 1803 1726 1915 Argonautarum
1757 1807 2036 1909 expeditionem
2064 1813 2157 1887 anti-

769 1931 938 2028 quiorem
968 1950 1045 2004 non
1073 1923 1140 2003 elle
1163 1927 1463 2007 Snrorrours
1486 1921 1647 2025 Regno,
1672 1929 1710 2004 ἃ
1732 1925 1759 2002 fi
1785 1926 1882 2002 hisce
1910 1927 2159 2005 astronomicis

720 2049 722 2054 '
769 2046 968 2122 ratiociniis
996 2043 1104 2122 addas
1131 2067 1192 2134 ea,
1215 2069 1295 2143 quae
1327 2047 1428 2146 supra
1450 2043 1636 2122 retulimus
1665 2044 1815 2123 deducta
1843 2044 1863 2120 ὲ
1893 2045 1986 2142 justo
2007 2061 2155 2144 tempo·

670 2161 673 2166 ‘
769 2185 829 2250 re,
857 2185 921 2261 per
946 2161 1074 2260 quod,
1099 2161 1299 2239 secuudum
1325 2177 1510 2256 naturam,
1535 2159 1653 2262 Reges
1684 2159 1818 2261 Regno
1847 2165 2060 2261 potiuntur;
2078 2161 2156 2240 bec

769 2282 895 2354 omnia
914 2276 1014 2356 certd
1035 2280 1230 2356 ostendunt
1243 2276 1530 2384 Argonauticam
1555 2281 1830 2380 expeditionem
1844 2278 1972 2358 sacram
1991 2277 2058 2357 elle
2076 2279 2157 2378 post

772 2395 1077 2473 Srionours
1104 2413 1289 2488 mortem,
1316 2400 1375 2486 δι,
1406 2398 1507 2500 quod
1541 2394 1701 2474 maxime
1728 2395 1917 2496 probabile
1950 2396 2027 2496 est,
2053 2398 2158 2482 circi-

771 2527 826 2589 ter
845 2537 1003 2602 annum,
1028 2515 1072 2588 ab
1097 2515 1255 2610 eiusdem
1280 2517 1454 2602 interitu,
1495 2512 1808 2614 quadragesimum
1834 2518 1991 2590 tertium.

858 2628 1000 2706 Bellum
1036 2646 1161 2707 contra
1204 2622 1351 2736 Trn'am
1380 2631 1518 2730 gestum
1554 2632 1628 2718 est,
1663 2647 1705 2706 ut
1732 2630 1836 2731 supra
1871 2631 2053 2721 diximus,
2081 2631 2156 2711 uui

773 2747 1017 2826 Generatioue
1041 2747 1124 2844 post
1149 2747 1245 2824 hanc
1271 2747 1565 2850 expeditionem,
1598 2745 1683 2823 crlrn
1713 2747 1834 2847 plures
1862 2771 1909 2825 ex
1946 2743 2157 2826 Graecorunr

772 2862 940 2942 Ducibus
976 2869 1016 2940 in
1032 2863 1120 2942 ¹hoc
1153 2865 1251 2942 hello
1292 2865 1426 2942 fuerint
1459 2860 1765 2970 Argonautarum
1789 2863 1892 2942 filii:
1930 2891 1971 2944 ac
2005 2865 2155 2945 Veteres

776 2977 898 3058 Greci
929 2983 1131 3062 existimant
1166 2982 1515 3072 Memnonen,
1555 2999 1617 3060 aut
1655 2980 1979 3060 Alienorum
2014 2979 2157 3083 Regem

770 3099 932 3206 AEpyptr'
958 3094 1128 3197 Regnum
1163 3100 1353 3178 obtinuille
1381 3106 1475 3180 circa
1498 3101 1604 3199 hujus
1632 3100 1721 3177 belli
1750 3113 1942 3200 tempora3
1970 3099 2160 3200 fingebant
2273 3183 2278 3192 ,

773 3221 871 3294 euim
904 3240 988 3292 eum
1020 3215 1137 3292 filium
1165 3213 1266 3294 soille
1300 3216 1573 3307 Trrrrour,
1612 3221 1677 3320 qui
1711 3215 1800 3293 Pri
1818 3241 1904 3294 sur
1935 3219 2042 3296 frater
2069 3236 2157 3298 natu

767 3336 889 3431 major
906 3333 1048 3430 lucrat,
1081 3335 1117 3410 &
1142 3357 1259 3433 prope
1290 3337 1365 3432 ejus
1399 3337 1485 3412 belli
1511 3334 1646 3422 linem,
1674 3333 1876 3432 profetiam
1896 3335 1963 3412 elle
1985 3335 2005 3414 ὲ
2030 3325 2152 3440 Susti,

710 3541 715 3550 ¹
773 3464 815 3528 ut
845 3447 1037 3528 Pursrro
1060 3449 1238 3550 suppetias
1269 3451 1387 3528 ferret.
1434 3453 1549 3552 lg'itur
1578 3457 1759 3529 Aruleno
1776 3475 1890 3529 rurs
1916 3476 2058 3532 coaevus
2086 3455 2158 3534 fult

771 3581 860 3646 natu
884 3571 1031 3644 maximi
1054 3567 1214 3648 filiorum
1240 3571 1502 3660 Pn1nrir,&
1527 3593 1642 3670 prope
1666 3557 1792 3672 tusum
1813 3591 1888 3646 erar
1911 3593 1996 3648 cunr
2019 3575 2161 3649 exerci-

772 3703 815 3766 tu
845 3686 977 3763 ultimo
1000 3687 1097 3764 illius
1118 3687 1204 3764 belli
1227 3711 1326 3765 anno
1341 3711 1350 3762 ε
1367 3689 1404 3764 &
1424 3687 1616 3789 postquem
1643 3687 1693 3761 ibi
1719 3677 1976 3764 romaniam
1990 3691 2156 3790 perfecit,

771 3813 811 3883 in
832 3795 1034 3917 AEgyptum
1055 3805 1197 3902 regredi
1218 3809 1366 3907 potuit,
1399 3831 1507 3906 quarn
1538 3805 1714 3894 AEdibus,
1745 3803 1947 3895 ObeliscIs,
1969 3803 2160 3886 &Statuit

774 3927 902 4013 auxit,
926 3926 963 4000 dc
991 3927 1031 4000 in
1055 3921 1096 3999 ei
1119 3921 1216 3999 diem
1238 3935 1440 4016 extremum
1458 3925 1551 4002 obiit
1571 3925 1712 4000 circiter
1730 3926 1949 4020 nonaginta,
1970 3942 2031 4002 aut
2044 3950 2161 4003 noua·

774 4043 876 4136 ginta
898 4044 1059 4141 quinque
1086 4064 1200 4118 annos
1233 4041 1314 4139 poll
1339 4039 1635 4120 Sunoroours
1657 4043 1841 4116 interitum
1858 4066 1867 4116 :
1886 4041 2077 4143 postquam
2092 4043 2162 4120 de·

776 4160 1047 4244 terminaverat,
1071 4161 1107 4233 dr
1131 4159 1368 4236 constituerat
1397 4163 1542 4235 initium
1569 4161 1655 4234 nori
1682 4155 1946 4268 AEgypriorurn
1971 4163 2056 4236 anui
2087 4174 2161 4238 ter·

775 4273 1096 4371 centossexaginta
1125 4281 1286 4376 quinque
1307 4274 1382 4353 dies
1410 4275 1683 4375 complectentis
1706 4279 1751 4351 ad
1784 4298 1933 4352 vernum
1955 4277 2166 4379 AEquinou

775 4394 887 4478 tium,
914 4414 1023 4490 quare
1040 4396 1173 4466 meruit
1196 4397 1528 4477 monumentrunio
1557 4396 1666 4494 huius
1690 4395 1743 4472 rei
1756 4397 2162 4494 memonrmereuum,

775 4509 925 4610 dequo
955 4507 1170 4606 jaurlocuti
1190 4507 1320 4586 sumus.
1449 4539 1453 4550 ·
1493 4519 1496 4528 ’

2044 4631 2170 4712 Natus
