<?xml version="1.0" encoding="UTF-8"?>
<!DOCTYPE html PUBLIC "-//W3C//DTD XHTML 1.0 Transitional//EN"
    "http://www.w3.org/TR/xhtml1/DTD/xhtml1-transitional.dtd">
<html xmlns="http://www.w3.org/1999/xhtml" xml:lang="en" lang="en">
 <head>
  <title>
</title>
<meta http-equiv="Content-Type" content="text/html;charset=utf-8" />
  <meta name='ocr-system' content='tesseract 3.04.00' />
  <meta name='ocr-capabilities' content='ocr_page ocr_carea ocr_par ocr_line ocrx_word'/>
</head>
<body>
  <div class='ocr_page' id='page_1' title='image "./isaacinewtonieq00newtgoog_0028.png"; bbox 0 0 5092 5906; ppageno 0'>
   <div class='ocr_carea' id='block_1_1' title="bbox 446 341 1736 640">
    <p class='ocr_par' dir='ltr' id='par_1_1' title="bbox 446 341 1736 640">
     <span class='ocr_line' id='line_1_1' title="bbox 684 341 1730 492; baseline 0.019 -33"><span class='ocrx_word' id='word_1_1' title='bbox 684 341 967 462; x_wconf 72' lang='lat' dir='ltr'>nsum</span> <span class='ocrx_word' id='word_1_2' title='bbox 1007 371 1439 470; x_wconf 43' lang='lat' dir='ltr'>&#39;cunenses</span> <span class='ocrx_word' id='word_1_3' title='bbox 1683 411 1730 492; x_wconf 61' lang='grc' dir='ltr'><strong>η</strong></span> 
     </span>
     <span class='ocr_line' id='line_1_2' title="bbox 446 519 1736 640; baseline 0.008 -32"><span class='ocrx_word' id='word_1_4' title='bbox 446 549 567 626; x_wconf 83' lang='lat'>1034.</span> <span class='ocrx_word' id='word_1_5' title='bbox 597 523 789 607; x_wconf 78' lang='lat' dir='ltr'>Ammon</span> <span class='ocrx_word' id='word_1_6' title='bbox 822 539 950 629; x_wconf 85' lang='lat' dir='ltr'>regnat</span> <span class='ocrx_word' id='word_1_7' title='bbox 975 530 1015 606; x_wconf 91' lang='lat' dir='ltr'>in</span> <span class='ocrx_word' id='word_1_8' title='bbox 1035 519 1207 640; x_wconf 72' lang='lat' dir='ltr'>AEgypto.</span> <span class='ocrx_word' id='word_1_9' title='bbox 1252 533 1287 612; x_wconf 90' lang='lat' dir='ltr'>Is</span> <span class='ocrx_word' id='word_1_10' title='bbox 1320 536 1360 611; x_wconf 90' lang='lat' dir='ltr'>in</span> <span class='ocrx_word' id='word_1_11' title='bbox 1382 531 1606 637; x_wconf 64' lang='lat' dir='ltr'>‘potestatem</span> <span class='ocrx_word' id='word_1_12' title='bbox 1631 539 1736 620; x_wconf 85' lang='lat' dir='ltr'>rede·</span> 
     </span>
    </p>
   </div>
   <div class='ocr_carea' id='block_1_2' title="bbox 331 641 1782 3583">
    <p class='ocr_par' dir='ltr' id='par_1_2' title="bbox 332 641 1740 3099">
     <span class='ocr_line' id='line_1_3' title="bbox 341 641 1735 751; baseline 0.005 -23"><span class='ocrx_word' id='word_1_13' title='bbox 341 653 397 751; x_wconf 84' lang='lat' dir='ltr'>git</span> <span class='ocrx_word' id='word_1_14' title='bbox 421 641 602 751; x_wconf 66' lang='lat' dir='ltr'>Libyam,</span> <span class='ocrx_word' id='word_1_15' title='bbox 632 649 708 746; x_wconf 86' lang='lat' dir='ltr'>ejus</span> <span class='ocrx_word' id='word_1_16' title='bbox 732 645 902 735; x_wconf 76' lang='lat' dir='ltr'>Incolae,</span> <span class='ocrx_word' id='word_1_17' title='bbox 940 649 1004 748; x_wconf 90' lang='lat' dir='ltr'>qui</span> <span class='ocrx_word' id='word_1_18' title='bbox 1029 668 1185 729; x_wconf 82' lang='lat' dir='ltr'>errantes</span> <span class='ocrx_word' id='word_1_19' title='bbox 1206 651 1326 730; x_wconf 84' lang='lat' dir='ltr'>serino</span> <span class='ocrx_word' id='word_1_20' title='bbox 1358 675 1462 731; x_wconf 87' lang='lat' dir='ltr'>more</span> <span class='ocrx_word' id='word_1_21' title='bbox 1481 657 1671 746; x_wconf 81' lang='lat' dir='ltr'><strong>vivebant,</strong></span> <span class='ocrx_word' id='word_1_22' title='bbox 1687 655 1735 736; x_wconf 91' lang='lat' dir='ltr'>ad</span> 
     </span>
     <span class='ocr_line' id='line_1_4' title="bbox 338 761 1738 875; baseline 0.005 -29"><span class='ocrx_word' id='word_1_23' title='bbox 338 768 595 848; x_wconf 75' lang='lat' dir='ltr'><strong>humaniorem</strong></span> <span class='ocrx_word' id='word_1_24' title='bbox 623 767 733 843; x_wconf 88' lang='lat' dir='ltr'>vitam</span> <span class='ocrx_word' id='word_1_25' title='bbox 752 762 949 865; x_wconf 85' lang='lat' dir='ltr'>perduxit,</span> <span class='ocrx_word' id='word_1_26' title='bbox 976 761 1113 869; x_wconf 73' lang='lat' dir='ltr'>edfque</span> <span class='ocrx_word' id='word_1_27' title='bbox 1141 768 1270 847; x_wconf 89' lang='lat' dir='ltr'>docuit</span> <span class='ocrx_word' id='word_1_28' title='bbox 1298 785 1399 848; x_wconf 83' lang='lat' dir='ltr'>terrae</span> <span class='ocrx_word' id='word_1_29' title='bbox 1420 772 1542 872; x_wconf 87' lang='lat' dir='ltr'>fruges</span> <span class='ocrx_word' id='word_1_30' title='bbox 1560 775 1738 875; x_wconf 87' lang='lat' dir='ltr'>congere·</span> 
     </span>
     <span class='ocr_line' id='line_1_5' title="bbox 338 879 1736 977; baseline 0.004 -12"><span class='ocrx_word' id='word_1_31' title='bbox 338 912 376 965; x_wconf 87' lang='lat' dir='ltr'>re</span> <span class='ocrx_word' id='word_1_32' title='bbox 408 888 447 962; x_wconf 89' lang='lat'>&amp;</span> <span class='ocrx_word' id='word_1_33' title='bbox 470 880 659 977; x_wconf 78' lang='lat' dir='ltr'>asservare3</span> <span class='ocrx_word' id='word_1_34' title='bbox 694 879 755 961; x_wconf 90' lang='lat' dir='ltr'>De</span> <span class='ocrx_word' id='word_1_35' title='bbox 783 882 848 961; x_wconf 90' lang='lat' dir='ltr'>suo</span> <span class='ocrx_word' id='word_1_36' title='bbox 878 885 1029 962; x_wconf 89' lang='lat' dir='ltr'>nomine</span> <span class='ocrx_word' id='word_1_37' title='bbox 1052 901 1187 964; x_wconf 86' lang='lat' dir='ltr'>veteres</span> <span class='ocrx_word' id='word_1_38' title='bbox 1213 883 1441 965; x_wconf 81' lang='lat' dir='ltr'>Ammoniam</span> <span class='ocrx_word' id='word_1_39' title='bbox 1463 891 1636 969; x_wconf 83' lang='lat' dir='ltr'>dixerunt</span> <span class='ocrx_word' id='word_1_40' title='bbox 1665 885 1736 970; x_wconf 82' lang='lat' dir='ltr'>Li·</span> 
     </span>
     <span class='ocr_line' id='line_1_6' title="bbox 335 998 1734 1109; baseline 0.004 -29"><span class='ocrx_word' id='word_1_41' title='bbox 335 1002 465 1109; x_wconf 71' lang='lat' dir='ltr'>byam,</span> <span class='ocrx_word' id='word_1_42' title='bbox 500 1005 537 1079; x_wconf 87' lang='lat'>&amp;</span> <span class='ocrx_word' id='word_1_43' title='bbox 566 1000 774 1102; x_wconf 87' lang='lat' dir='ltr'>Regionem</span> <span class='ocrx_word' id='word_1_44' title='bbox 803 998 978 1078; x_wconf 80' lang='lat' dir='ltr'>desertam</span> <span class='ocrx_word' id='word_1_45' title='bbox 1014 1025 1096 1104; x_wconf 84' lang='lat' dir='ltr'>quae</span> <span class='ocrx_word' id='word_1_46' title='bbox 1122 1007 1156 1082; x_wconf 88' lang='lat' dir='ltr'>ei</span> <span class='ocrx_word' id='word_1_47' title='bbox 1183 1005 1331 1104; x_wconf 88' lang='lat' dir='ltr'>adjacet</span> <span class='ocrx_word' id='word_1_48' title='bbox 1390 1007 1456 1085; x_wconf 92' lang='lat' dir='ltr'>Ille</span> <span class='ocrx_word' id='word_1_49' title='bbox 1479 1011 1619 1108; x_wconf 86' lang='lat' dir='ltr'>primus</span> <span class='ocrx_word' id='word_1_50' title='bbox 1650 1010 1734 1087; x_wconf 82' lang='lat' dir='ltr'>lon-</span> 
     </span>
     <span class='ocr_line' id='line_1_7' title="bbox 333 1117 1734 1224; baseline 0.004 -25"><span class='ocrx_word' id='word_1_51' title='bbox 333 1147 419 1224; x_wconf 87' lang='lat' dir='ltr'>gas,</span> <span class='ocrx_word' id='word_1_52' title='bbox 454 1123 502 1213; x_wconf 70' lang='lat' dir='ltr'>tc,</span> <span class='ocrx_word' id='word_1_53' title='bbox 527 1119 614 1198; x_wconf 86' lang='lat' dir='ltr'>altas</span> <span class='ocrx_word' id='word_1_54' title='bbox 643 1143 752 1196; x_wconf 89' lang='lat' dir='ltr'>naves</span> <span class='ocrx_word' id='word_1_55' title='bbox 781 1117 1014 1209; x_wconf 86' lang='lat' dir='ltr'>construxit,</span> <span class='ocrx_word' id='word_1_56' title='bbox 1048 1125 1090 1200; x_wconf 80' lang='lat' dir='ltr'>ds.</span> <span class='ocrx_word' id='word_1_57' title='bbox 1110 1123 1202 1200; x_wconf 87' lang='lat' dir='ltr'>velis</span> <span class='ocrx_word' id='word_1_58' title='bbox 1228 1125 1423 1219; x_wconf 82' lang='lat' dir='ltr'>instruxit3</span> <span class='ocrx_word' id='word_1_59' title='bbox 1458 1150 1500 1203; x_wconf 86' lang='lat' dir='ltr'>ac</span> <span class='ocrx_word' id='word_1_60' title='bbox 1524 1123 1667 1224; x_wconf 81' lang='lat' dir='ltr'>classem</span> <span class='ocrx_word' id='word_1_61' title='bbox 1686 1148 1734 1205; x_wconf 84' lang='lat' dir='ltr'>ex</span> 
     </span>
     <span class='ocr_line' id='line_1_8' title="bbox 333 1234 1735 1340; baseline 0.003 -22"><span class='ocrx_word' id='word_1_62' title='bbox 333 1239 589 1340; x_wconf 90' lang='lat' dir='ltr'>hujuscemodi</span> <span class='ocrx_word' id='word_1_63' title='bbox 614 1237 763 1315; x_wconf 88' lang='lat' dir='ltr'>navibus</span> <span class='ocrx_word' id='word_1_64' title='bbox 791 1237 1016 1315; x_wconf 87' lang='lat' dir='ltr'>constantem</span> <span class='ocrx_word' id='word_1_65' title='bbox 1047 1239 1175 1319; x_wconf 86' lang='lat' dir='ltr'>habuit</span> <span class='ocrx_word' id='word_1_66' title='bbox 1198 1244 1237 1318; x_wconf 94' lang='lat' dir='ltr'>in</span> <span class='ocrx_word' id='word_1_67' title='bbox 1268 1234 1398 1320; x_wconf 71' lang='lat' dir='ltr'>Mare</span> <span class='ocrx_word' id='word_1_68' title='bbox 1428 1235 1554 1320; x_wconf 82' lang='lat' dir='ltr'>Rubro</span> <span class='ocrx_word' id='word_1_69' title='bbox 1568 1299 1580 1331; x_wconf 92' lang='lat'>,</span> <span class='ocrx_word' id='word_1_70' title='bbox 1594 1235 1598 1243; x_wconf 69' lang='grc'><strong><em>’</em></strong></span> <span class='ocrx_word' id='word_1_71' title='bbox 1611 1241 1735 1322; x_wconf 71' lang='lat' dir='ltr'>alism-</span> 
     </span>
     <span class='ocr_line' id='line_1_9' title="bbox 333 1347 1734 1464; baseline 0.003 -29"><span class='ocrx_word' id='word_1_72' title='bbox 333 1382 406 1460; x_wconf 88' lang='lat' dir='ltr'>que</span> <span class='ocrx_word' id='word_1_73' title='bbox 432 1357 587 1434; x_wconf 78' lang='lat' dir='ltr'>slmilem</span> <span class='ocrx_word' id='word_1_74' title='bbox 605 1357 643 1431; x_wconf 89' lang='lat' dir='ltr'>in</span> <span class='ocrx_word' id='word_1_75' title='bbox 661 1353 983 1432; x_wconf 73' lang='lat' dir='ltr'>mediterraneam</span> <span class='ocrx_word' id='word_1_76' title='bbox 1003 1347 1115 1464; x_wconf 69' lang='lat' dir='ltr'>lrasd</span> <span class='ocrx_word' id='word_1_77' title='bbox 1137 1374 1249 1460; x_wconf 84' lang='lat' dir='ltr'>portu</span> <span class='ocrx_word' id='word_1_78' title='bbox 1271 1351 1410 1463; x_wconf 67' lang='lat' dir='ltr'>Libya</span> <span class='ocrx_word' id='word_1_79' title='bbox 1463 1357 1507 1439; x_wconf 94' lang='lat' dir='ltr'>In</span> <span class='ocrx_word' id='word_1_80' title='bbox 1526 1351 1633 1438; x_wconf 87' lang='lat' dir='ltr'>usum</span> <span class='ocrx_word' id='word_1_81' title='bbox 1649 1361 1734 1439; x_wconf 78' lang='lat' dir='ltr'>nae</span> 
     </span>
     <span class='ocr_line' id='line_1_10' title="bbox 334 1468 1734 1566; baseline 0.004 -14"><span class='ocrx_word' id='word_1_82' title='bbox 334 1494 440 1552; x_wconf 88' lang='lat' dir='ltr'>tenus</span> <span class='ocrx_word' id='word_1_83' title='bbox 465 1475 609 1552; x_wconf 87' lang='lat' dir='ltr'>fuerant</span> <span class='ocrx_word' id='word_1_84' title='bbox 623 1471 791 1551; x_wconf 83' lang='lat' dir='ltr'>rotuudae</span> <span class='ocrx_word' id='word_1_85' title='bbox 822 1473 995 1551; x_wconf 72' lang='lat' dir='ltr'>navicula</span> <span class='ocrx_word' id='word_1_86' title='bbox 1023 1480 1219 1566; x_wconf 74' lang='lat' dir='ltr'>onerariae,</span> <span class='ocrx_word' id='word_1_87' title='bbox 1252 1480 1406 1556; x_wconf 74' lang='lat' dir='ltr'>inventa</span> <span class='ocrx_word' id='word_1_88' title='bbox 1436 1479 1482 1555; x_wconf 91' lang='lat' dir='ltr'>ad</span> <span class='ocrx_word' id='word_1_89' title='bbox 1509 1468 1638 1556; x_wconf 69' lang='lat' dir='ltr'>Man</span> <span class='ocrx_word' id='word_1_90' title='bbox 1654 1476 1734 1557; x_wconf 86' lang='lat' dir='ltr'>Ru·</span> 
     </span>
     <span class='ocr_line' id='line_1_11' title="bbox 334 1587 1736 1704; baseline 0.006 -34"><span class='ocrx_word' id='word_1_91' title='bbox 334 1590 468 1683; x_wconf 78' lang='lat' dir='ltr'>hrum,</span> <span class='ocrx_word' id='word_1_92' title='bbox 497 1616 577 1694; x_wconf 88' lang='lat' dir='ltr'>quae</span> <span class='ocrx_word' id='word_1_93' title='bbox 606 1613 794 1691; x_wconf 89' lang='lat' dir='ltr'>nunquam</span> <span class='ocrx_word' id='word_1_94' title='bbox 822 1589 842 1669; x_wconf 82' lang='grc' dir='ltr'>ὲ</span> <span class='ocrx_word' id='word_1_95' title='bbox 868 1592 998 1668; x_wconf 87' lang='lat' dir='ltr'>littoris</span> <span class='ocrx_word' id='word_1_96' title='bbox 1024 1594 1217 1704; x_wconf 70' lang='lat' dir='ltr'>conspeslu</span> <span class='ocrx_word' id='word_1_97' title='bbox 1241 1595 1548 1695; x_wconf 82' lang='lat' dir='ltr'>digrediebantur.</span> <span class='ocrx_word' id='word_1_98' title='bbox 1593 1587 1736 1704; x_wconf 62' lang='lat' dir='ltr'><em>AEgyp·</em></span> 
     </span>
     <span class='ocr_line' id='line_1_12' title="bbox 334 1707 1736 1815; baseline 0.003 -27"><span class='ocrx_word' id='word_1_99' title='bbox 334 1709 409 1800; x_wconf 80' lang='lat' dir='ltr'>tii,</span> <span class='ocrx_word' id='word_1_100' title='bbox 433 1725 476 1790; x_wconf 91' lang='lat' dir='ltr'>ut</span> <span class='ocrx_word' id='word_1_101' title='bbox 500 1708 536 1786; x_wconf 88' lang='lat' dir='ltr'>se</span> <span class='ocrx_word' id='word_1_102' title='bbox 567 1707 585 1786; x_wconf 70' lang='grc' dir='ltr'>ὲ</span> <span class='ocrx_word' id='word_1_103' title='bbox 622 1708 805 1787; x_wconf 87' lang='lat' dir='ltr'>littoribus</span> <span class='ocrx_word' id='word_1_104' title='bbox 834 1707 985 1788; x_wconf 79' lang='lat' dir='ltr'>avellere</span> <span class='ocrx_word' id='word_1_105' title='bbox 1024 1713 1062 1788; x_wconf 69' lang='grc' dir='ltr'>δε</span> <span class='ocrx_word' id='word_1_106' title='bbox 1085 1715 1124 1788; x_wconf 92' lang='lat' dir='ltr'>in</span> <span class='ocrx_word' id='word_1_107' title='bbox 1151 1713 1265 1791; x_wconf 89' lang='lat' dir='ltr'>altum</span> <span class='ocrx_word' id='word_1_108' title='bbox 1290 1711 1447 1814; x_wconf 86' lang='lat' dir='ltr'>provehi</span> <span class='ocrx_word' id='word_1_109' title='bbox 1465 1711 1628 1815; x_wconf 83' lang='lat' dir='ltr'>possent,</span> <span class='ocrx_word' id='word_1_110' title='bbox 1654 1715 1736 1791; x_wconf 85' lang='lat' dir='ltr'>stel-</span> 
     </span>
     <span class='ocr_line' id='line_1_13' title="bbox 334 1824 1740 1929; baseline 0.002 -22"><span class='ocrx_word' id='word_1_111' title='bbox 334 1829 385 1907; x_wconf 84' lang='lat' dir='ltr'>las</span> <span class='ocrx_word' id='word_1_112' title='bbox 411 1844 503 1910; x_wconf 86' lang='lat' dir='ltr'>tunt</span> <span class='ocrx_word' id='word_1_113' title='bbox 529 1827 705 1929; x_wconf 86' lang='lat' dir='ltr'>temporis</span> <span class='ocrx_word' id='word_1_114' title='bbox 733 1824 919 1904; x_wconf 83' lang='lat' dir='ltr'>observare</span> <span class='ocrx_word' id='word_1_115' title='bbox 948 1845 1166 1928; x_wconf 86' lang='lat' dir='ltr'>coeperunt,</span> <span class='ocrx_word' id='word_1_116' title='bbox 1197 1829 1296 1910; x_wconf 90' lang='lat' dir='ltr'>unde</span> <span class='ocrx_word' id='word_1_117' title='bbox 1328 1845 1418 1910; x_wconf 77' lang='lat' dir='ltr'>orta</span> <span class='ocrx_word' id='word_1_118' title='bbox 1451 1832 1534 1910; x_wconf 91' lang='lat' dir='ltr'>sunt</span> <span class='ocrx_word' id='word_1_119' title='bbox 1563 1832 1740 1911; x_wconf 60' lang='lat' dir='ltr'>Astronoae</span> 
     </span>
     <span class='ocr_line' id='line_1_14' title="bbox 335 1943 1738 2066; baseline 0.003 -42"><span class='ocrx_word' id='word_1_120' title='bbox 335 1951 429 2035; x_wconf 83' lang='lat' dir='ltr'>mla,</span> <span class='ocrx_word' id='word_1_121' title='bbox 453 1951 492 2025; x_wconf 80' lang='lat' dir='ltr'>dc</span> <span class='ocrx_word' id='word_1_122' title='bbox 506 1943 896 2066; x_wconf 29' lang='lat' dir='ltr'>Nautica&#39;eHaslenus</span> <span class='ocrx_word' id='word_1_123' title='bbox 918 1947 1050 2045; x_wconf 84' lang='lat' dir='ltr'>pariter</span> <span class='ocrx_word' id='word_1_124' title='bbox 1072 1949 1260 2049; x_wconf 85' lang='lat' dir='ltr'>usurpatus</span> <span class='ocrx_word' id='word_1_125' title='bbox 1290 1949 1404 2027; x_wconf 85' lang='lat' dir='ltr'>fuerat</span> <span class='ocrx_word' id='word_1_126' title='bbox 1431 1973 1546 2028; x_wconf 86' lang='lat' dir='ltr'>annus</span> <span class='ocrx_word' id='word_1_127' title='bbox 1565 1947 1738 2028; x_wconf 83' lang='lat' dir='ltr'>Luni-so·</span> 
     </span>
     <span class='ocr_line' id='line_1_15' title="bbox 332 2059 1736 2166; baseline 0.001 -21"><span class='ocrx_word' id='word_1_128' title='bbox 332 2063 440 2145; x_wconf 85' lang='lat' dir='ltr'>laris:</span> <span class='ocrx_word' id='word_1_129' title='bbox 463 2064 557 2152; x_wconf 89' lang='lat' dir='ltr'>Sed,</span> <span class='ocrx_word' id='word_1_130' title='bbox 590 2059 675 2141; x_wconf 78' lang='lat' dir='ltr'>edm</span> <span class='ocrx_word' id='word_1_131' title='bbox 701 2061 762 2139; x_wconf 90' lang='lat' dir='ltr'>hic</span> <span class='ocrx_word' id='word_1_132' title='bbox 788 2085 901 2140; x_wconf 85' lang='lat' dir='ltr'>annus</span> <span class='ocrx_word' id='word_1_133' title='bbox 929 2061 1014 2144; x_wconf 82' lang='lat' dir='ltr'>esset</span> <span class='ocrx_word' id='word_1_134' title='bbox 1041 2069 1187 2144; x_wconf 86' lang='lat' dir='ltr'>incertae</span> <span class='ocrx_word' id='word_1_135' title='bbox 1213 2067 1476 2166; x_wconf 80' lang='lat' dir='ltr'>longitudinis,</span> <span class='ocrx_word' id='word_1_136' title='bbox 1508 2070 1546 2144; x_wconf 77' lang='lat' dir='ltr'>dc</span> <span class='ocrx_word' id='word_1_137' title='bbox 1565 2065 1607 2146; x_wconf 71' lang='lat' dir='ltr'>eb</span> <span class='ocrx_word' id='word_1_138' title='bbox 1631 2067 1677 2145; x_wconf 87' lang='lat' dir='ltr'>de</span> <span class='ocrx_word' id='word_1_139' title='bbox 1697 2089 1736 2146; x_wconf 83' lang='lat' dir='ltr'>re</span> 
     </span>
     <span class='ocr_line' id='line_1_16' title="bbox 333 2169 1737 2290; baseline -0.001 -29"><span class='ocrx_word' id='word_1_140' title='bbox 333 2183 487 2262; x_wconf 58' lang='lat' dir='ltr'>minim&amp;</span> <span class='ocrx_word' id='word_1_141' title='bbox 512 2194 616 2281; x_wconf 90' lang='lat' dir='ltr'>aptus</span> <span class='ocrx_word' id='word_1_142' title='bbox 640 2179 900 2270; x_wconf 84' lang='lat' dir='ltr'>Astronomiae‚</span> <span class='ocrx_word' id='word_1_143' title='bbox 920 2169 1116 2290; x_wconf 82' lang='lat' dir='ltr'>AEgyptii,</span> <span class='ocrx_word' id='word_1_144' title='bbox 1138 2183 1224 2271; x_wconf 92' lang='lat' dir='ltr'>illo,</span> <span class='ocrx_word' id='word_1_145' title='bbox 1250 2181 1396 2286; x_wconf 74' lang='lat' dir='ltr'>ejt&#39;tsque</span> <span class='ocrx_word' id='word_1_146' title='bbox 1426 2184 1508 2262; x_wconf 89' lang='lat' dir='ltr'>filiis</span> <span class='ocrx_word' id='word_1_147' title='bbox 1534 2187 1572 2262; x_wconf 77' lang='lat' dir='ltr'>te</span> <span class='ocrx_word' id='word_1_148' title='bbox 1590 2187 1737 2284; x_wconf 88' lang='lat' dir='ltr'>nepoti·</span> 
     </span>
     <span class='ocr_line' id='line_1_17' title="bbox 334 2297 1736 2406; baseline 0.001 -29"><span class='ocrx_word' id='word_1_149' title='bbox 334 2303 404 2378; x_wconf 87' lang='lat' dir='ltr'>bus</span> <span class='ocrx_word' id='word_1_150' title='bbox 428 2298 603 2400; x_wconf 87' lang='lat' dir='ltr'>Regnum</span> <span class='ocrx_word' id='word_1_151' title='bbox 630 2297 909 2387; x_wconf 85' lang='lat' dir='ltr'>obtinentibus,</span> <span class='ocrx_word' id='word_1_152' title='bbox 938 2299 1165 2378; x_wconf 79' lang='lat' dir='ltr'>observantes</span> <span class='ocrx_word' id='word_1_153' title='bbox 1192 2300 1351 2406; x_wconf 82' lang='lat' dir='ltr'>heliacos</span> <span class='ocrx_word' id='word_1_154' title='bbox 1384 2301 1524 2390; x_wconf 85' lang='lat' dir='ltr'>Ortus,</span> <span class='ocrx_word' id='word_1_155' title='bbox 1553 2303 1592 2378; x_wconf 68' lang='lat' dir='ltr'>se</span> <span class='ocrx_word' id='word_1_156' title='bbox 1619 2300 1736 2382; x_wconf 84' lang='lat' dir='ltr'>Occa-</span> 
     </span>
     <span class='ocr_line' id='line_1_18' title="bbox 333 2414 1737 2519; baseline 0.001 -22"><span class='ocrx_word' id='word_1_157' title='bbox 333 2417 391 2497; x_wconf 87' lang='lat' dir='ltr'>sus</span> <span class='ocrx_word' id='word_1_158' title='bbox 415 2418 634 2505; x_wconf 87' lang='lat' dir='ltr'>Stellarum,</span> <span class='ocrx_word' id='word_1_159' title='bbox 655 2414 894 2494; x_wconf 84' lang='lat' dir='ltr'>definiverunt</span> <span class='ocrx_word' id='word_1_160' title='bbox 917 2415 1191 2516; x_wconf 84' lang='lat' dir='ltr'>longitudinem</span> <span class='ocrx_word' id='word_1_161' title='bbox 1208 2421 1293 2495; x_wconf 88' lang='lat' dir='ltr'>anni</span> <span class='ocrx_word' id='word_1_162' title='bbox 1314 2417 1446 2498; x_wconf 79' lang='lat' dir='ltr'>Soletis</span> <span class='ocrx_word' id='word_1_163' title='bbox 1467 2476 1478 2509; x_wconf 91' lang='lat'>‚</span> <span class='ocrx_word' id='word_1_164' title='bbox 1506 2440 1617 2519; x_wconf 90' lang='lat' dir='ltr'>quem</span> <span class='ocrx_word' id='word_1_165' title='bbox 1642 2442 1737 2498; x_wconf 89' lang='lat' dir='ltr'>eon·</span> 
     </span>
     <span class='ocr_line' id='line_1_19' title="bbox 333 2530 1737 2616; baseline 0.001 -2"><span class='ocrx_word' id='word_1_166' title='bbox 333 2537 499 2615; x_wconf 83' lang='lat' dir='ltr'>lecerunt</span> <span class='ocrx_word' id='word_1_167' title='bbox 525 2559 571 2614; x_wconf 84' lang='lat' dir='ltr'>ex</span> <span class='ocrx_word' id='word_1_168' title='bbox 604 2533 802 2612; x_wconf 87' lang='lat' dir='ltr'>duodecim</span> <span class='ocrx_word' id='word_1_169' title='bbox 841 2530 1100 2614; x_wconf 84' lang='lat' dir='ltr'>Kalendaribus</span> <span class='ocrx_word' id='word_1_170' title='bbox 1131 2535 1312 2614; x_wconf 84' lang='lat' dir='ltr'>menfibus</span> <span class='ocrx_word' id='word_1_171' title='bbox 1337 2540 1465 2615; x_wconf 84' lang='lat' dir='ltr'>veteris</span> <span class='ocrx_word' id='word_1_172' title='bbox 1501 2537 1588 2614; x_wconf 87' lang='lat' dir='ltr'>anni</span> <span class='ocrx_word' id='word_1_173' title='bbox 1620 2534 1737 2616; x_wconf 59' lang='lat' dir='ltr'>Luni⁴</span> 
     </span>
     <span class='ocr_line' id='line_1_20' title="bbox 333 2651 1730 2754; baseline 0 -22"><span class='ocrx_word' id='word_1_174' title='bbox 333 2655 476 2744; x_wconf 77' lang='lat' dir='ltr'>solaris,</span> <span class='ocrx_word' id='word_1_175' title='bbox 513 2655 551 2731; x_wconf 74' lang='grc' dir='ltr'>δι</span> <span class='ocrx_word' id='word_1_176' title='bbox 576 2655 739 2754; x_wconf 85' lang='lat' dir='ltr'>quinque</span> <span class='ocrx_word' id='word_1_177' title='bbox 763 2651 890 2728; x_wconf 88' lang='lat' dir='ltr'>diebus</span> <span class='ocrx_word' id='word_1_178' title='bbox 915 2651 1068 2750; x_wconf 87' lang='lat' dir='ltr'>insuper.</span> <span class='ocrx_word' id='word_1_179' title='bbox 1120 2653 1315 2732; x_wconf 75' lang='lat' dir='ltr'>cesses</span> <span class='ocrx_word' id='word_1_180' title='bbox 1343 2655 1416 2733; x_wconf 84' lang='lat' dir='ltr'>filia</span> <span class='ocrx_word' id='word_1_181' title='bbox 1434 2653 1730 2734; x_wconf 77' lang='lat' dir='ltr'>Eaucusuut</span> 
     </span>
     <span class='ocr_line' id='line_1_21' title="bbox 334 2767 1736 2874; baseline 0.001 -26"><span class='ocrx_word' id='word_1_182' title='bbox 334 2775 442 2850; x_wconf 88' lang='lat' dir='ltr'>nubit</span> <span class='ocrx_word' id='word_1_183' title='bbox 465 2771 613 2852; x_wconf 75' lang='lat' dir='ltr'>Xuso</span> <span class='ocrx_word' id='word_1_184' title='bbox 647 2768 724 2846; x_wconf 88' lang='lat' dir='ltr'>filio</span> <span class='ocrx_word' id='word_1_185' title='bbox 744 2767 1024 2864; x_wconf 79' lang='lat' dir='ltr'>Hnutnu1s3</span> <span class='ocrx_word' id='word_1_186' title='bbox 1059 2769 1414 2862; x_wconf 73' lang='lat' dir='ltr'>Esecssssus,</span> <span class='ocrx_word' id='word_1_187' title='bbox 1447 2771 1547 2874; x_wconf 80' lang='lat' dir='ltr'>ptibs</span> <span class='ocrx_word' id='word_1_188' title='bbox 1576 2773 1736 2874; x_wconf 85' lang='lat' dir='ltr'>celebra-</span> 
     </span>
     <span class='ocr_line' id='line_1_22' title="bbox 333 2883 1737 2990; baseline 0.001 -23"><span class='ocrx_word' id='word_1_189' title='bbox 333 2893 380 2968; x_wconf 90' lang='lat' dir='ltr'>tis</span> <span class='ocrx_word' id='word_1_190' title='bbox 401 2885 676 2978; x_wconf 80' lang='lat' dir='ltr'>Panatbenaess,</span> <span class='ocrx_word' id='word_1_191' title='bbox 702 2889 823 2988; x_wconf 88' lang='lat' dir='ltr'>jungit</span> <span class='ocrx_word' id='word_1_192' title='bbox 847 2883 971 2990; x_wconf 84' lang='lat' dir='ltr'>Equos</span> <span class='ocrx_word' id='word_1_193' title='bbox 991 2887 1135 2968; x_wconf 79' lang='lat' dir='ltr'>Currus.</span> <span class='ocrx_word' id='word_1_194' title='bbox 1149 2888 1432 2970; x_wconf 78' lang='lat' dir='ltr'>NasciturAEo1</span> <span class='ocrx_word' id='word_1_195' title='bbox 1445 2915 1506 2967; x_wconf 81' lang='lat' dir='ltr'>un</span> <span class='ocrx_word' id='word_1_196' title='bbox 1532 2887 1604 2968; x_wconf 88' lang='lat' dir='ltr'>filla</span> <span class='ocrx_word' id='word_1_197' title='bbox 1622 2891 1737 2968; x_wconf 87' lang='lat' dir='ltr'>Aso-</span> 
     </span>
     <span class='ocr_line' id='line_1_23' title="bbox 334 3005 802 3099; baseline -0.009 -13"><span class='ocrx_word' id='word_1_198' title='bbox 334 3033 414 3099; x_wconf 64' lang='grc' dir='ltr'>οι,</span> <span class='ocrx_word' id='word_1_199' title='bbox 443 3011 481 3086; x_wconf 76' lang='lat' dir='ltr'>u</span> <span class='ocrx_word' id='word_1_200' title='bbox 509 3018 624 3086; x_wconf 82' lang='lat' dir='ltr'>malet</span> <span class='ocrx_word' id='word_1_201' title='bbox 648 3005 802 3087; x_wconf 79' lang='lat' dir='ltr'>AEucs.</span> 
     </span>
    </p>

    <p class='ocr_par' dir='ltr' id='par_1_3' title="bbox 331 3114 1782 3583">
     <span class='ocr_line' id='line_1_24' title="bbox 427 3114 1782 3234; baseline -0.001 -31"><span class='ocrx_word' id='word_1_202' title='bbox 427 3147 549 3221; x_wconf 82' lang='lat'><em>1030.</em></span> <span class='ocrx_word' id='word_1_203' title='bbox 592 3114 1126 3220; x_wconf 74' lang='lat' dir='ltr'>esses,mullerSicu1a‚</span> <span class='ocrx_word' id='word_1_204' title='bbox 1165 3143 1327 3224; x_wconf 83' lang='lat' dir='ltr'>quaerens</span> <span class='ocrx_word' id='word_1_205' title='bbox 1361 3123 1494 3215; x_wconf 85' lang='lat' dir='ltr'>filiam,</span> <span class='ocrx_word' id='word_1_206' title='bbox 1525 3145 1606 3227; x_wconf 81' lang='lat' dir='ltr'>quae</span> <span class='ocrx_word' id='word_1_207' title='bbox 1631 3135 1732 3224; x_wconf 85' lang='lat' dir='ltr'>rapta</span> <span class='ocrx_word' id='word_1_208' title='bbox 1779 3223 1782 3234; x_wconf 28' lang='grc' dir='ltr'>Ι</span> 
     </span>
     <span class='ocr_line' id='line_1_25' title="bbox 332 3233 1733 3337; baseline -0.004 -13"><span class='ocrx_word' id='word_1_209' title='bbox 332 3245 475 3335; x_wconf 84' lang='lat' dir='ltr'>luerat,</span> <span class='ocrx_word' id='word_1_210' title='bbox 505 3246 606 3322; x_wconf 85' lang='lat' dir='ltr'>venit</span> <span class='ocrx_word' id='word_1_211' title='bbox 638 3247 677 3320; x_wconf 89' lang='lat' dir='ltr'>in</span> <span class='ocrx_word' id='word_1_212' title='bbox 709 3237 904 3332; x_wconf 83' lang='lat' dir='ltr'>Atticam,</span> <span class='ocrx_word' id='word_1_213' title='bbox 930 3245 967 3320; x_wconf 71' lang='grc' dir='ltr'>ἀ</span> <span class='ocrx_word' id='word_1_214' title='bbox 993 3242 1122 3320; x_wconf 89' lang='lat' dir='ltr'>docuit</span> <span class='ocrx_word' id='word_1_215' title='bbox 1151 3233 1296 3320; x_wconf 84' lang='lat' dir='ltr'>Graecos</span> <span class='ocrx_word' id='word_1_216' title='bbox 1321 3241 1433 3321; x_wconf 89' lang='lat' dir='ltr'>serere</span> <span class='ocrx_word' id='word_1_217' title='bbox 1463 3245 1623 3322; x_wconf 86' lang='lat' dir='ltr'>triticum</span> <span class='ocrx_word' id='word_1_218' title='bbox 1636 3267 1648 3337; x_wconf 82' lang='lat'>3</span> <span class='ocrx_word' id='word_1_219' title='bbox 1681 3241 1733 3318; x_wconf 90' lang='lat' dir='ltr'>ob</span> 
     </span>
     <span class='ocr_line' id='line_1_26' title="bbox 332 3355 1734 3466; baseline -0.003 -27"><span class='ocrx_word' id='word_1_220' title='bbox 332 3364 440 3466; x_wconf 92' lang='lat' dir='ltr'>quod</span> <span class='ocrx_word' id='word_1_221' title='bbox 467 3357 686 3440; x_wconf 80' lang='lat' dir='ltr'>beneficium</span> <span class='ocrx_word' id='word_1_222' title='bbox 711 3361 794 3464; x_wconf 89' lang='lat' dir='ltr'>post</span> <span class='ocrx_word' id='word_1_223' title='bbox 821 3375 978 3438; x_wconf 89' lang='lat' dir='ltr'>mortem</span> <span class='ocrx_word' id='word_1_224' title='bbox 1003 3359 1111 3436; x_wconf 89' lang='lat' dir='ltr'>relata</span> <span class='ocrx_word' id='word_1_225' title='bbox 1137 3358 1206 3438; x_wconf 89' lang='lat' dir='ltr'>suit</span> <span class='ocrx_word' id='word_1_226' title='bbox 1229 3363 1323 3438; x_wconf 84' lang='lat' dir='ltr'>inter</span> <span class='ocrx_word' id='word_1_227' title='bbox 1347 3357 1462 3439; x_wconf 89' lang='lat' dir='ltr'>Deos.</span> <span class='ocrx_word' id='word_1_228' title='bbox 1509 3357 1552 3440; x_wconf 92' lang='lat' dir='ltr'>Id</span> <span class='ocrx_word' id='word_1_229' title='bbox 1570 3355 1734 3462; x_wconf 79' lang='lat' dir='ltr'>primbm</span> 
     </span>
     <span class='ocr_line' id='line_1_27' title="bbox 331 3470 1730 3583; baseline -0.006 -22"><span class='ocrx_word' id='word_1_230' title='bbox 331 3479 492 3561; x_wconf 87' lang='lat' dir='ltr'>ostendit</span> <span class='ocrx_word' id='word_1_231' title='bbox 514 3477 857 3558; x_wconf 67' lang='lat' dir='ltr'>Tamonsno</span> <span class='ocrx_word' id='word_1_232' title='bbox 881 3475 1017 3576; x_wconf 82' lang='lat' dir='ltr'>juniori</span> <span class='ocrx_word' id='word_1_233' title='bbox 1040 3475 1119 3555; x_wconf 88' lang='lat' dir='ltr'>filio</span> <span class='ocrx_word' id='word_1_234' title='bbox 1146 3473 1298 3558; x_wconf 76' lang='lat' dir='ltr'>Cetea</span> <span class='ocrx_word' id='word_1_235' title='bbox 1330 3477 1443 3577; x_wconf 87' lang='lat' dir='ltr'>Regis</span> <span class='ocrx_word' id='word_1_236' title='bbox 1471 3470 1730 3583; x_wconf 79' lang='lat' dir='ltr'>Elaustnuntis.</span> 
     </span>
    </p>
   </div>
   <div class='ocr_carea' id='block_1_3' title="bbox 356 3585 1860 3700">
    <p class='ocr_par' dir='ltr' id='par_1_4' title="bbox 356 3585 1860 3700">
     <span class='ocr_line' id='line_1_28' title="bbox 356 3585 1860 3700; baseline -0.006 -22"><span class='ocrx_word' id='word_1_237' title='bbox 356 3597 359 3602; x_wconf 50' lang='lat'><strong>⁴</strong></span> <span class='ocrx_word' id='word_1_238' title='bbox 429 3613 555 3686; x_wconf 77' lang='lat'>1028·</span> <span class='ocrx_word' id='word_1_239' title='bbox 595 3596 858 3700; x_wconf 72' lang='lat' dir='ltr'>Oauo&#39;snus</span> <span class='ocrx_word' id='word_1_240' title='bbox 884 3596 1284 3674; x_wconf 86' lang='lat' dir='ltr'>natuminimusinter</span> <span class='ocrx_word' id='word_1_241' title='bbox 1317 3593 1411 3674; x_wconf 89' lang='lat' dir='ltr'>filios</span> <span class='ocrx_word' id='word_1_242' title='bbox 1447 3593 1730 3683; x_wconf 79' lang='lat' dir='ltr'>Lucnouss,</span> <span class='ocrx_word' id='word_1_243' title='bbox 1857 3585 1860 3592; x_wconf 76' lang='grc'><strong>’</strong></span> 
     </span>
    </p>
   </div>
   <div class='ocr_carea' id='block_1_4' title="bbox 329 3707 1736 4407">
    <p class='ocr_par' dir='ltr' id='par_1_5' title="bbox 329 3707 1736 4050">
     <span class='ocr_line' id='line_1_29' title="bbox 330 3707 1731 3823; baseline -0.007 -27"><span class='ocrx_word' id='word_1_244' title='bbox 330 3722 396 3823; x_wconf 87' lang='lat' dir='ltr'>qui</span> <span class='ocrx_word' id='word_1_245' title='bbox 428 3717 479 3795; x_wconf 84' lang='lat' dir='ltr'>est</span> <span class='ocrx_word' id='word_1_246' title='bbox 506 3707 727 3794; x_wconf 81' lang='lat' dir='ltr'>Latinorum</span> <span class='ocrx_word' id='word_1_247' title='bbox 748 3713 922 3816; x_wconf 78' lang='lat' dir='ltr'>Jnnus,</span> <span class='ocrx_word' id='word_1_248' title='bbox 954 3713 1061 3791; x_wconf 87' lang='lat' dir='ltr'>duxit</span> <span class='ocrx_word' id='word_1_249' title='bbox 1097 3715 1252 3815; x_wconf 79' lang='lat' dir='ltr'>psimam</span> <span class='ocrx_word' id='word_1_250' title='bbox 1286 3712 1486 3792; x_wconf 90' lang='lat' dir='ltr'>Coloniam</span> <span class='ocrx_word' id='word_1_251' title='bbox 1516 3707 1731 3790; x_wconf 83' lang='lat' dir='ltr'>Graeeorum</span> 
     </span>
     <span class='ocr_line' id='line_1_30' title="bbox 334 3828 1736 3942; baseline -0.006 -27"><span class='ocrx_word' id='word_1_252' title='bbox 334 3842 373 3915; x_wconf 93' lang='lat' dir='ltr'>in</span> <span class='ocrx_word' id='word_1_253' title='bbox 414 3831 591 3932; x_wconf 61' lang='lat' dir='ltr'>ltaliam,</span> <span class='ocrx_word' id='word_1_254' title='bbox 625 3835 663 3910; x_wconf 73' lang='grc' dir='ltr'>δι</span> <span class='ocrx_word' id='word_1_255' title='bbox 701 3830 807 3911; x_wconf 84' lang='lat' dir='ltr'>ltalos</span> <span class='ocrx_word' id='word_1_256' title='bbox 841 3833 971 3912; x_wconf 88' lang='lat' dir='ltr'>docuit</span> <span class='ocrx_word' id='word_1_257' title='bbox 999 3831 1132 3908; x_wconf 85' lang='lat' dir='ltr'>domos</span> <span class='ocrx_word' id='word_1_258' title='bbox 1171 3830 1357 3926; x_wconf 79' lang='lat' dir='ltr'>aedificare.</span> <span class='ocrx_word' id='word_1_259' title='bbox 1421 3828 1633 3942; x_wconf 77' lang='lat' dir='ltr'>Puuseus</span> <span class='ocrx_word' id='word_1_260' title='bbox 1670 3851 1736 3906; x_wconf 91' lang='lat' dir='ltr'>na-</span> 
     </span>
     <span class='ocr_line' id='line_1_31' title="bbox 329 3953 1615 4050; baseline -0.006 -19"><span class='ocrx_word' id='word_1_261' title='bbox 329 3967 392 4034; x_wconf 76' lang='lat' dir='ltr'>tus</span> <span class='ocrx_word' id='word_1_262' title='bbox 423 3953 483 4030; x_wconf 71' lang='lat' dir='ltr'>est</span> <span class='ocrx_word' id='word_1_263' title='bbox 1079 4047 1080 4050; x_wconf 8' lang='grc' dir='ltr'><strong>Ἴ</strong></span> <span class='ocrx_word' id='word_1_264' title='bbox 1607 3979 1615 3984; x_wconf 86' lang='grc'><strong><em>·</em></strong></span> 
     </span>
    </p>

    <p class='ocr_par' dir='ltr' id='par_1_6' title="bbox 333 4060 1734 4407">
     <span class='ocr_line' id='line_1_32' title="bbox 424 4060 1734 4156; baseline -0.005 -9"><span class='ocrx_word' id='word_1_265' title='bbox 424 4092 545 4148; x_wconf 80' lang='lat'><em>1020.</em></span> <span class='ocrx_word' id='word_1_266' title='bbox 583 4065 743 4147; x_wconf 76' lang='lat' dir='ltr'>Auens</span> <span class='ocrx_word' id='word_1_267' title='bbox 764 4061 858 4144; x_wconf 85' lang='lat' dir='ltr'>filios</span> <span class='ocrx_word' id='word_1_268' title='bbox 887 4063 1197 4156; x_wconf 67' lang='lat' dir='ltr'>cassurus,</span> <span class='ocrx_word' id='word_1_269' title='bbox 1231 4067 1269 4146; x_wconf 74' lang='lat' dir='ltr'>u</span> <span class='ocrx_word' id='word_1_270' title='bbox 1295 4063 1557 4147; x_wconf 74' lang='lat' dir='ltr'>annosus</span> <span class='ocrx_word' id='word_1_271' title='bbox 1586 4085 1634 4142; x_wconf 85' lang='lat' dir='ltr'>ex</span> <span class='ocrx_word' id='word_1_272' title='bbox 1660 4060 1734 4140; x_wconf 79' lang='lat' dir='ltr'>filit</span> 
     </span>
     <span class='ocr_line' id='line_1_33' title="bbox 334 4176 1733 4289; baseline -0.004 -27"><span class='ocrx_word' id='word_1_273' title='bbox 334 4209 477 4289; x_wconf 88' lang='lat' dir='ltr'>nepos,</span> <span class='ocrx_word' id='word_1_274' title='bbox 517 4199 625 4288; x_wconf 87' lang='lat' dir='ltr'>atque</span> <span class='ocrx_word' id='word_1_275' title='bbox 664 4183 935 4273; x_wconf 75' lang='lat' dir='ltr'>Eumaeus,</span> <span class='ocrx_word' id='word_1_276' title='bbox 975 4183 1112 4284; x_wconf 83' lang='lat' dir='ltr'>primus</span> <span class='ocrx_word' id='word_1_277' title='bbox 1153 4183 1235 4266; x_wconf 86' lang='lat' dir='ltr'>Rex</span> <span class='ocrx_word' id='word_1_278' title='bbox 1277 4183 1431 4274; x_wconf 66' lang='lat' dir='ltr'>Achate</span> <span class='ocrx_word' id='word_1_279' title='bbox 1464 4176 1733 4286; x_wconf 78' lang='lat' dir='ltr'>aeceperuntb</span> 
     </span>
     <span class='ocr_line' id='line_1_34' title="bbox 333 4299 1052 4407; baseline -0.01 -25"><span class='ocrx_word' id='word_1_280' title='bbox 333 4299 663 4384; x_wconf 65' lang='lat' dir='ltr'>Tstssoesno</span> <span class='ocrx_word' id='word_1_281' title='bbox 692 4327 833 4407; x_wconf 63' lang='lat' dir='ltr'>panem,</span> <span class='ocrx_word' id='word_1_282' title='bbox 857 4304 1052 4381; x_wconf 82' lang='lat' dir='ltr'>triticeum.</span> 
     </span>
    </p>
   </div>
   <div class='ocr_carea' id='block_1_5' title="bbox 1150 4530 1739 4632">
    <p class='ocr_par' dir='ltr' id='par_1_7' title="bbox 1150 4530 1739 4632">
     <span class='ocr_line' id='line_1_35' title="bbox 1150 4530 1739 4632; baseline -0.014 -16"><span class='ocrx_word' id='word_1_283' title='bbox 1150 4530 1179 4616; x_wconf 87' lang='lat' dir='ltr'>B</span> <span class='ocrx_word' id='word_1_284' title='bbox 1241 4557 1260 4632; x_wconf 77' lang='lat'>³</span> <span class='ocrx_word' id='word_1_285' title='bbox 1609 4550 1739 4632; x_wconf 72' lang='lat'>0119.</span> 
     </span>
    </p>
   </div>
   <div class='ocr_carea' id='block_1_6' title="bbox 0 0 2550 5906">
    <p class='ocr_par' dir='ltr' id='par_1_8' title="bbox 0 0 2550 5906">
     <span class='ocr_line' id='line_1_36' title="bbox 0 0 2550 5906; baseline 0 2"><span class='ocrx_word' id='word_1_286' title='bbox 0 0 2550 5906; x_wconf 95' lang='lat' dir='ltr'> </span> 
     </span>
    </p>
   </div>
  </div>
 </body>
</html>
