<?xml version="1.0" encoding="UTF-8"?>
<!DOCTYPE html PUBLIC "-//W3C//DTD XHTML 1.0 Transitional//EN"
    "http://www.w3.org/TR/xhtml1/DTD/xhtml1-transitional.dtd">
<html xmlns="http://www.w3.org/1999/xhtml" xml:lang="en" lang="en">
 <head>
  <title>
</title>
<meta http-equiv="Content-Type" content="text/html;charset=utf-8" />
  <meta name='ocr-system' content='tesseract 3.04.00' />
  <meta name='ocr-capabilities' content='ocr_page ocr_carea ocr_par ocr_line ocrx_word'/>
</head>
<body>
  <div class='ocr_page' id='page_1' title='image "./isaacinewtonieq00newtgoog_0387.png"; bbox 0 0 4500 5812; ppageno 0'>
   <div class='ocr_carea' id='block_1_1' title="bbox 649 378 1874 524">
    <p class='ocr_par' dir='ltr' id='par_1_1' title="bbox 649 378 1874 524">
     <span class='ocr_line' id='line_1_1' title="bbox 649 378 1874 524; baseline -0.007 -15"><span class='ocrx_word' id='word_1_1' title='bbox 649 451 732 524; x_wconf 73' lang='lat' dir='ltr'>aaa</span> <span class='ocrx_word' id='word_1_2' title='bbox 850 378 1874 506; x_wconf 70' lang='lat' dir='ltr'>&#39;o-surcurunrxxr..</span> 
     </span>
    </p>
   </div>
   <div class='ocr_carea' id='block_1_2' title="bbox 465 567 2026 1147">
    <p class='ocr_par' dir='ltr' id='par_1_2' title="bbox 465 567 2026 1030">
     <span class='ocr_line' id='line_1_2' title="bbox 465 567 2022 677; baseline 0.002 -26"><span class='ocrx_word' id='word_1_3' title='bbox 465 580 615 651; x_wconf 65' lang='lat' dir='ltr'>cuill-</span> <span class='ocrx_word' id='word_1_4' title='bbox 648 567 935 654; x_wconf 78' lang='lat' dir='ltr'>&amp;incidissem</span> <span class='ocrx_word' id='word_1_5' title='bbox 964 601 1101 655; x_wconf 89' lang='lat' dir='ltr'>annum</span> <span class='ocrx_word' id='word_1_6' title='bbox 1140 604 1155 654; x_wconf 89' lang='lat' dir='ltr'>r</span> <span class='ocrx_word' id='word_1_7' title='bbox 1187 573 1416 677; x_wconf 79' lang='lat' dir='ltr'>Olympiadis</span> <span class='ocrx_word' id='word_1_8' title='bbox 1444 587 1508 665; x_wconf 77' lang='lat'>83.</span> <span class='ocrx_word' id='word_1_9' title='bbox 1538 572 1679 674; x_wconf 86' lang='lat' dir='ltr'>lneepit</span> <span class='ocrx_word' id='word_1_10' title='bbox 1697 597 1787 673; x_wconf 86' lang='lat' dir='ltr'>ergo</span> <span class='ocrx_word' id='word_1_11' title='bbox 1816 593 1901 650; x_wconf 87' lang='lat' dir='ltr'>eum</span> <span class='ocrx_word' id='word_1_12' title='bbox 1927 593 2022 654; x_wconf 85' lang='lat' dir='ltr'>anno</span> 
     </span>
     <span class='ocr_line' id='line_1_3' title="bbox 648 689 2025 795; baseline -0.003 -21"><span class='ocrx_word' id='word_1_13' title='bbox 648 689 899 795; x_wconf 88' lang='lat' dir='ltr'>Olympiaco,</span> <span class='ocrx_word' id='word_1_14' title='bbox 923 695 1023 772; x_wconf 87' lang='lat' dir='ltr'>brevi</span> <span class='ocrx_word' id='word_1_15' title='bbox 1044 695 1124 794; x_wconf 87' lang='lat' dir='ltr'>poll</span> <span class='ocrx_word' id='word_1_16' title='bbox 1145 695 1334 774; x_wconf 81' lang='lat' dir='ltr'>solstitium</span> <span class='ocrx_word' id='word_1_17' title='bbox 1348 693 1535 785; x_wconf 84' lang='lat' dir='ltr'>aeslivum,</span> <span class='ocrx_word' id='word_1_18' title='bbox 1558 714 1655 769; x_wconf 89' lang='lat' dir='ltr'>anno</span> <span class='ocrx_word' id='word_1_19' title='bbox 1679 689 1717 770; x_wconf 92' lang='lat' dir='ltr'>P.</span> <span class='ocrx_word' id='word_1_20' title='bbox 1741 690 1773 792; x_wconf 86' lang='lat' dir='ltr'>J.</span> <span class='ocrx_word' id='word_1_21' title='bbox 1801 703 1937 790; x_wconf 74' lang='lat'>4269:</span> <span class='ocrx_word' id='word_1_22' title='bbox 1963 695 2025 770; x_wconf 90' lang='lat' dir='ltr'>cui</span> 
     </span>
     <span class='ocr_line' id='line_1_4' title="bbox 649 807 2026 910; baseline -0.001 -22"><span class='ocrx_word' id='word_1_23' title='bbox 649 833 804 890; x_wconf 89' lang='lat' dir='ltr'>numero</span> <span class='ocrx_word' id='word_1_24' title='bbox 826 809 852 886; x_wconf 85' lang='lat' dir='ltr'>fi</span> <span class='ocrx_word' id='word_1_25' title='bbox 872 811 1033 890; x_wconf 73' lang='lat' dir='ltr'>detrahas</span> <span class='ocrx_word' id='word_1_26' title='bbox 1052 835 1167 891; x_wconf 86' lang='lat' dir='ltr'>annos</span> <span class='ocrx_word' id='word_1_27' title='bbox 1198 831 1269 901; x_wconf 80' lang='lat'>19,</span> <span class='ocrx_word' id='word_1_28' title='bbox 1300 813 1437 910; x_wconf 89' lang='lat' dir='ltr'>primus</span> <span class='ocrx_word' id='word_1_29' title='bbox 1459 807 1618 906; x_wconf 87' lang='lat' dir='ltr'>ejusdem</span> <span class='ocrx_word' id='word_1_30' title='bbox 1636 833 1766 897; x_wconf 87' lang='lat' dir='ltr'>annus,</span> <span class='ocrx_word' id='word_1_31' title='bbox 1797 808 1924 886; x_wconf 82' lang='lat' dir='ltr'>eidem</span> <span class='ocrx_word' id='word_1_32' title='bbox 1942 812 2026 886; x_wconf 89' lang='lat' dir='ltr'>anni</span> 
     </span>
     <span class='ocr_line' id='line_1_5' title="bbox 650 925 1677 1030; baseline 0 -26"><span class='ocrx_word' id='word_1_33' title='bbox 650 927 882 1030; x_wconf 85' lang='lat' dir='ltr'>tempestate,</span> <span class='ocrx_word' id='word_1_34' title='bbox 909 933 1109 1030; x_wconf 85' lang='lat' dir='ltr'>inceperit,</span> <span class='ocrx_word' id='word_1_35' title='bbox 1129 953 1227 1012; x_wconf 91' lang='lat' dir='ltr'>anno</span> <span class='ocrx_word' id='word_1_36' title='bbox 1244 925 1284 1008; x_wconf 84' lang='lat' dir='ltr'>P.</span> <span class='ocrx_word' id='word_1_37' title='bbox 1300 926 1336 1030; x_wconf 89' lang='lat' dir='ltr'>J.</span> <span class='ocrx_word' id='word_1_38' title='bbox 1355 950 1492 1026; x_wconf 86' lang='lat'>4250,</span> <span class='ocrx_word' id='word_1_39' title='bbox 1512 925 1677 1028; x_wconf 89' lang='lat' dir='ltr'>utsupra.</span> 
     </span>
    </p>

    <p class='ocr_par' dir='ltr' id='par_1_3' title="bbox 709 1037 2025 1147">
     <span class='ocr_line' id='line_1_6' title="bbox 709 1037 2025 1147; baseline 0.002 -25"><span class='ocrx_word' id='word_1_40' title='bbox 709 1046 804 1141; x_wconf 83' lang='lat' dir='ltr'>Quae</span> <span class='ocrx_word' id='word_1_41' title='bbox 829 1045 915 1126; x_wconf 81' lang='lat' dir='ltr'>crim</span> <span class='ocrx_word' id='word_1_42' title='bbox 939 1047 988 1124; x_wconf 77' lang='lat' dir='ltr'>its</span> <span class='ocrx_word' id='word_1_43' title='bbox 1017 1044 1113 1135; x_wconf 87' lang='lat' dir='ltr'>lint,</span> <span class='ocrx_word' id='word_1_44' title='bbox 1141 1046 1284 1147; x_wconf 85' lang='lat' dir='ltr'>septimi</span> <span class='ocrx_word' id='word_1_45' title='bbox 1310 1051 1394 1124; x_wconf 89' lang='lat' dir='ltr'>anni</span> <span class='ocrx_word' id='word_1_46' title='bbox 1418 1037 1770 1123; x_wconf 73' lang='lat' dir='ltr'>Anrr&#39;xrnxrs</span> <span class='ocrx_word' id='word_1_47' title='bbox 1798 1048 1942 1126; x_wconf 88' lang='lat' dir='ltr'>initium</span> <span class='ocrx_word' id='word_1_48' title='bbox 1963 1045 2025 1124; x_wconf 83' lang='lat' dir='ltr'>sta·</span> 
     </span>
    </p>
   </div>
   <div class='ocr_carea' id='block_1_3' title="bbox 470 1101 2026 1265">
    <p class='ocr_par' dir='ltr' id='par_1_4' title="bbox 470 1101 2026 1265">
     <span class='ocr_line' id='line_1_7' title="bbox 470 1101 1529 1184; baseline -0.012 -14"><span class='ocrx_word' id='word_1_49' title='bbox 470 1105 567 1184; x_wconf 87' lang='lat' dir='ltr'>ltaque</span> <span class='ocrx_word' id='word_1_50' title='bbox 585 1101 639 1164; x_wconf 89' lang='lat' dir='ltr'>iter</span> <span class='ocrx_word' id='word_1_51' title='bbox 1182 1167 1188 1182; x_wconf 92' lang='lat'>.</span> <span class='ocrx_word' id='word_1_52' title='bbox 1522 1164 1529 1178; x_wconf 43' lang='grc' dir='ltr'>Ι</span> 
     </span>
     <span class='ocr_line' id='line_1_8' title="bbox 470 1159 2026 1265; baseline -0.003 -19"><span class='ocrx_word' id='word_1_53' title='bbox 470 1191 562 1265; x_wconf 69' lang='lat' dir='ltr'>sura</span> <span class='ocrx_word' id='word_1_54' title='bbox 582 1202 639 1264; x_wconf 84' lang='lat' dir='ltr'>quo</span> <span class='ocrx_word' id='word_1_55' title='bbox 650 1163 829 1242; x_wconf 89' lang='lat' dir='ltr'>tuendum</span> <span class='ocrx_word' id='word_1_56' title='bbox 852 1177 974 1265; x_wconf 85' lang='lat' dir='ltr'>patet,</span> <span class='ocrx_word' id='word_1_57' title='bbox 995 1163 1077 1265; x_wconf 88' lang='lat' dir='ltr'>post</span> <span class='ocrx_word' id='word_1_58' title='bbox 1091 1164 1248 1242; x_wconf 76' lang='lat' dir='ltr'>mediam</span> <span class='ocrx_word' id='word_1_59' title='bbox 1263 1164 1424 1248; x_wconf 67' lang='lat' dir='ltr'>,astarem</span> <span class='ocrx_word' id='word_1_60' title='bbox 1446 1185 1532 1238; x_wconf 82' lang='lat' dir='ltr'>anns</span> <span class='ocrx_word' id='word_1_61' title='bbox 1549 1159 1587 1238; x_wconf 89' lang='lat' dir='ltr'>P.</span> <span class='ocrx_word' id='word_1_62' title='bbox 1602 1159 1636 1263; x_wconf 90' lang='lat' dir='ltr'>J.</span> <span class='ocrx_word' id='word_1_63' title='bbox 1654 1176 1783 1258; x_wconf 83' lang='lat'>42563</span> <span class='ocrx_word' id='word_1_64' title='bbox 1797 1189 1840 1242; x_wconf 90' lang='lat' dir='ltr'>ac</span> <span class='ocrx_word' id='word_1_65' title='bbox 1859 1161 2026 1260; x_wconf 76' lang='lat' dir='ltr'>lissam</span> 
     </span>
    </p>
   </div>
   <div class='ocr_carea' id='block_1_4' title="bbox 370 1263 2028 1512">
    <p class='ocr_par' dir='ltr' id='par_1_5' title="bbox 370 1263 2028 1512">
     <span class='ocr_line' id='line_1_9' title="bbox 370 1263 2028 1412; baseline -0.004 -47"><span class='ocrx_word' id='word_1_66' title='bbox 370 1379 374 1388; x_wconf 30' lang='grc' dir='ltr'>Ι</span> <span class='ocrx_word' id='word_1_67' title='bbox 469 1269 578 1412; x_wconf 46' lang='grc' dir='ltr'>ἔξω</span> <span class='ocrx_word' id='word_1_68' title='bbox 597 1263 637 1327; x_wconf 69' lang='lat' dir='ltr'>‘st</span> <span class='ocrx_word' id='word_1_69' title='bbox 647 1285 716 1360; x_wconf 87' lang='lat' dir='ltr'>iter</span> <span class='ocrx_word' id='word_1_70' title='bbox 734 1273 1020 1388; x_wconf 63' lang='lat' dir='ltr'>Hierosolyma,</span> <span class='ocrx_word' id='word_1_71' title='bbox 1041 1279 1140 1360; x_wconf 84' lang='lat' dir='ltr'>Vere</span> <span class='ocrx_word' id='word_1_72' title='bbox 1156 1283 1338 1382; x_wconf 84' lang='lat' dir='ltr'>sequenti,</span> <span class='ocrx_word' id='word_1_73' title='bbox 1357 1275 1517 1361; x_wconf 78' lang='lat' dir='ltr'>incidisse</span> <span class='ocrx_word' id='word_1_74' title='bbox 1530 1281 1567 1356; x_wconf 90' lang='lat' dir='ltr'>in</span> <span class='ocrx_word' id='word_1_75' title='bbox 1582 1281 1727 1358; x_wconf 90' lang='lat' dir='ltr'>initium</span> <span class='ocrx_word' id='word_1_76' title='bbox 1742 1283 1827 1360; x_wconf 86' lang='lat' dir='ltr'>anni</span> <span class='ocrx_word' id='word_1_77' title='bbox 1843 1337 1854 1371; x_wconf 91' lang='lat'>,</span> <span class='ocrx_word' id='word_1_78' title='bbox 1871 1279 2028 1382; x_wconf 88' lang='lat' dir='ltr'>ejusdem</span> 
     </span>
     <span class='ocr_line' id='line_1_10' title="bbox 469 1369 1313 1512; baseline -0.011 -28"><span class='ocrx_word' id='word_1_79' title='bbox 469 1369 600 1512; x_wconf 58' lang='grc' dir='ltr'>ωηῖἷέἷξ</span> <span class='ocrx_word' id='word_1_80' title='bbox 646 1400 816 1502; x_wconf 88' lang='lat' dir='ltr'>periodi,</span> <span class='ocrx_word' id='word_1_81' title='bbox 838 1421 975 1500; x_wconf 81' lang='lat'>4257,</span> <span class='ocrx_word' id='word_1_82' title='bbox 995 1411 1036 1480; x_wconf 92' lang='lat' dir='ltr'>ut</span> <span class='ocrx_word' id='word_1_83' title='bbox 1052 1399 1157 1502; x_wconf 89' lang='lat' dir='ltr'>supra</span> <span class='ocrx_word' id='word_1_84' title='bbox 1170 1399 1313 1478; x_wconf 71' lang='lat' dir='ltr'>dissum.</span> 
     </span>
    </p>
   </div>
   <div class='ocr_carea' id='block_1_5' title="bbox 771 1765 1885 2113">
    <p class='ocr_par' dir='ltr' id='par_1_6' title="bbox 771 1765 1885 2113">
     <span class='ocr_line' id='line_1_11' title="bbox 813 1765 1844 1850; baseline -0.003 -2"><span class='ocrx_word' id='word_1_85' title='bbox 813 1767 1129 1848; x_wconf 81' lang='lat' dir='ltr'>CAPUT</span> <span class='ocrx_word' id='word_1_86' title='bbox 1187 1765 1844 1850; x_wconf 68' lang='lat' dir='ltr'><strong>UNDEC⁵1MUM.</strong></span> 
     </span>
     <span class='ocr_line' id='line_1_12' title="bbox 771 1993 1885 2113; baseline -0.006 -29"><span class='ocrx_word' id='word_1_87' title='bbox 771 1999 833 2084; x_wconf 87' lang='lat' dir='ltr'>De</span> <span class='ocrx_word' id='word_1_88' title='bbox 873 1998 1091 2112; x_wconf 76' lang='lat' dir='ltr'>temporibus</span> <span class='ocrx_word' id='word_1_89' title='bbox 1134 2000 1319 2084; x_wconf 82' lang='lat' dir='ltr'>natalium</span> <span class='ocrx_word' id='word_1_90' title='bbox 1362 1995 1413 2092; x_wconf 67' lang='lat' dir='ltr'>ds*</span> <span class='ocrx_word' id='word_1_91' title='bbox 1446 1993 1701 2113; x_wconf 64' lang='lat' dir='ltr'>pupgffionum</span> <span class='ocrx_word' id='word_1_92' title='bbox 1745 2001 1885 2083; x_wconf 87' lang='lat' dir='ltr'>Christi.</span> 
     </span>
    </p>
   </div>
   <div class='ocr_carea' id='block_1_6' title="bbox 467 2226 2028 2342">
    <p class='ocr_par' dir='ltr' id='par_1_7' title="bbox 467 2226 2028 2342">
     <span class='ocr_line' id='line_1_13' title="bbox 467 2226 2028 2342; baseline 0.003 -31"><span class='ocrx_word' id='word_1_93' title='bbox 467 2247 618 2312; x_wconf 78' lang='lat' dir='ltr'>venstiffi-</span> <span class='ocrx_word' id='word_1_94' title='bbox 753 2238 828 2317; x_wconf 90' lang='lat' dir='ltr'>Um</span> <span class='ocrx_word' id='word_1_95' title='bbox 851 2252 1085 2340; x_wconf 90' lang='lat' dir='ltr'>tempomm,</span> <span class='ocrx_word' id='word_1_96' title='bbox 1108 2238 1239 2338; x_wconf 89' lang='lat' dir='ltr'>quibus</span> <span class='ocrx_word' id='word_1_97' title='bbox 1264 2235 1437 2316; x_wconf 89' lang='lat' dir='ltr'>natusest</span> <span class='ocrx_word' id='word_1_98' title='bbox 1460 2241 1497 2318; x_wconf 89' lang='lat'>&amp;</span> <span class='ocrx_word' id='word_1_99' title='bbox 1525 2237 1640 2340; x_wconf 90' lang='lat' dir='ltr'>passus</span> <span class='ocrx_word' id='word_1_100' title='bbox 1660 2226 1821 2342; x_wconf 70' lang='lat' dir='ltr'>chrestus</span> <span class='ocrx_word' id='word_1_101' title='bbox 1842 2291 1853 2324; x_wconf 96' lang='lat'>,</span> <span class='ocrx_word' id='word_1_102' title='bbox 1874 2235 2028 2326; x_wconf 75' lang='lat' dir='ltr'>nodus,</span> 
     </span>
    </p>
   </div>
   <div class='ocr_carea' id='block_1_7' title="bbox 469 2330 2029 2486">
    <p class='ocr_par' dir='ltr' id='par_1_8' title="bbox 469 2330 2029 2486">
     <span class='ocr_line' id='line_1_14' title="bbox 469 2330 2029 2486; baseline -0.008 -43"><span class='ocrx_word' id='word_1_103' title='bbox 469 2330 640 2486; x_wconf 41' lang='grc' dir='ltr'>ζῗέηζᾞζὶ</span> <span class='ocrx_word' id='word_1_104' title='bbox 766 2357 810 2434; x_wconf 88' lang='lat' dir='ltr'>ad</span> <span class='ocrx_word' id='word_1_105' title='bbox 841 2354 951 2457; x_wconf 80' lang='lat' dir='ltr'>ipsam</span> <span class='ocrx_word' id='word_1_106' title='bbox 981 2359 1058 2454; x_wconf 88' lang='lat' dir='ltr'>ejus</span> <span class='ocrx_word' id='word_1_107' title='bbox 1082 2351 1317 2454; x_wconf 84' lang='lat' dir='ltr'>Religionem</span> <span class='ocrx_word' id='word_1_108' title='bbox 1343 2376 1471 2455; x_wconf 87' lang='lat' dir='ltr'>parum</span> <span class='ocrx_word' id='word_1_109' title='bbox 1490 2355 1669 2446; x_wconf 85' lang='lat' dir='ltr'>lacerent,</span> <span class='ocrx_word' id='word_1_110' title='bbox 1704 2379 1782 2434; x_wconf 89' lang='lat' dir='ltr'>non</span> <span class='ocrx_word' id='word_1_111' title='bbox 1811 2351 1970 2432; x_wconf 78' lang='lat' dir='ltr'>multllm</span> <span class='ocrx_word' id='word_1_112' title='bbox 1986 2357 2029 2430; x_wconf 86' lang='lat' dir='ltr'>iis</span> 
     </span>
    </p>
   </div>
   <div class='ocr_carea' id='block_1_8' title="bbox 469 2469 2031 2573">
    <p class='ocr_par' dir='ltr' id='par_1_9' title="bbox 469 2469 2031 2573">
     <span class='ocr_line' id='line_1_15' title="bbox 469 2469 2031 2573; baseline -0.006 -18"><span class='ocrx_word' id='word_1_113' title='bbox 469 2513 540 2572; x_wconf 78' lang='lat' dir='ltr'>pora</span> <span class='ocrx_word' id='word_1_114' title='bbox 554 2511 616 2554; x_wconf 85' lang='lat' dir='ltr'>non</span> <span class='ocrx_word' id='word_1_115' title='bbox 652 2471 867 2573; x_wconf 81' lang='lat' dir='ltr'>indagandis</span> <span class='ocrx_word' id='word_1_116' title='bbox 891 2476 1052 2572; x_wconf 84' lang='lat' dir='ltr'>primaevi</span> <span class='ocrx_word' id='word_1_117' title='bbox 1077 2469 1265 2550; x_wconf 86' lang='lat' dir='ltr'>Christiani</span> <span class='ocrx_word' id='word_1_118' title='bbox 1280 2473 1460 2550; x_wconf 89' lang='lat' dir='ltr'>dederunt</span> <span class='ocrx_word' id='word_1_119' title='bbox 1475 2496 1644 2573; x_wconf 90' lang='lat' dir='ltr'>operam,</span> <span class='ocrx_word' id='word_1_120' title='bbox 1662 2488 1703 2550; x_wconf 92' lang='lat' dir='ltr'>ut</span> <span class='ocrx_word' id='word_1_121' title='bbox 1728 2495 1796 2550; x_wconf 89' lang='lat' dir='ltr'>nec</span> <span class='ocrx_word' id='word_1_122' title='bbox 1823 2471 1898 2548; x_wconf 89' lang='lat' dir='ltr'>aliis</span> <span class='ocrx_word' id='word_1_123' title='bbox 1915 2470 1953 2547; x_wconf 91' lang='lat' dir='ltr'>id</span> <span class='ocrx_word' id='word_1_124' title='bbox 1967 2493 2031 2570; x_wconf 85' lang='lat' dir='ltr'>ge-</span> 
     </span>
    </p>
   </div>
   <div class='ocr_carea' id='block_1_9' title="bbox 469 2573 2031 2717">
    <p class='ocr_par' dir='ltr' id='par_1_10' title="bbox 469 2573 2031 2717">
     <span class='ocr_line' id='line_1_16' title="bbox 469 2573 2031 2717; baseline -0.007 -45"><span class='ocrx_word' id='word_1_125' title='bbox 469 2573 616 2717; x_wconf 53' lang='lat' dir='ltr'>{lussffl</span> <span class='ocrx_word' id='word_1_126' title='bbox 653 2611 731 2664; x_wconf 87' lang='lat' dir='ltr'>nus.</span> <span class='ocrx_word' id='word_1_127' title='bbox 770 2590 848 2684; x_wconf 90' lang='lat' dir='ltr'>Qui</span> <span class='ocrx_word' id='word_1_128' title='bbox 863 2593 971 2688; x_wconf 84' lang='lat' dir='ltr'>primi</span> <span class='ocrx_word' id='word_1_129' title='bbox 984 2589 1062 2668; x_wconf 81' lang='lat' dir='ltr'>haec</span> <span class='ocrx_word' id='word_1_130' title='bbox 1079 2589 1275 2668; x_wconf 85' lang='lat' dir='ltr'>solenniter</span> <span class='ocrx_word' id='word_1_131' title='bbox 1295 2590 1541 2679; x_wconf 81' lang='lat' dir='ltr'>celebrirunt,</span> <span class='ocrx_word' id='word_1_132' title='bbox 1571 2590 1807 2668; x_wconf 88' lang='lat' dir='ltr'>cardinalibus</span> <span class='ocrx_word' id='word_1_133' title='bbox 1819 2589 1904 2665; x_wconf 88' lang='lat' dir='ltr'>anni</span> <span class='ocrx_word' id='word_1_134' title='bbox 1917 2610 2031 2686; x_wconf 86' lang='lat' dir='ltr'>punc-</span> 
     </span>
    </p>
   </div>
   <div class='ocr_carea' id='block_1_10' title="bbox 471 2704 2030 2812">
    <p class='ocr_par' dir='ltr' id='par_1_11' title="bbox 471 2704 2030 2812">
     <span class='ocr_line' id='line_1_17' title="bbox 471 2704 2030 2812; baseline -0.003 -26"><span class='ocrx_word' id='word_1_135' title='bbox 471 2735 628 2812; x_wconf 83' lang='lat' dir='ltr'>Quomodo</span> <span class='ocrx_word' id='word_1_136' title='bbox 648 2708 693 2784; x_wconf 87' lang='lat' dir='ltr'>tis</span> <span class='ocrx_word' id='word_1_137' title='bbox 708 2729 750 2784; x_wconf 90' lang='lat' dir='ltr'>ea</span> <span class='ocrx_word' id='word_1_138' title='bbox 778 2705 1056 2786; x_wconf 82' lang='lat' dir='ltr'>constituerunt:</span> <span class='ocrx_word' id='word_1_139' title='bbox 1088 2721 1129 2784; x_wconf 93' lang='lat' dir='ltr'>ut</span> <span class='ocrx_word' id='word_1_140' title='bbox 1162 2705 1491 2786; x_wconf 79' lang='lat' dir='ltr'>Annunciatr&#39;onem</span> <span class='ocrx_word' id='word_1_141' title='bbox 1513 2705 1659 2808; x_wconf 85' lang='lat' dir='ltr'>Virgini</span> <span class='ocrx_word' id='word_1_142' title='bbox 1684 2709 1827 2788; x_wconf 67' lang='lat' dir='ltr'>Mirr</span> <span class='ocrx_word' id='word_1_143' title='bbox 1842 2729 1874 2782; x_wconf 82' lang='lat' dir='ltr'>rs</span> <span class='ocrx_word' id='word_1_144' title='bbox 1905 2704 2030 2809; x_wconf 72' lang='lat' dir='ltr'>saliam</span> 
     </span>
    </p>
   </div>
   <div class='ocr_carea' id='block_1_11' title="bbox 470 2817 2191 2926">
    <p class='ocr_par' dir='ltr' id='par_1_12' title="bbox 470 2817 2191 2926">
     <span class='ocr_line' id='line_1_18' title="bbox 470 2817 2191 2926; baseline 0 -25"><span class='ocrx_word' id='word_1_145' title='bbox 470 2817 559 2878; x_wconf 67' lang='lat' dir='ltr'>³¹de</span> <span class='ocrx_word' id='word_1_146' title='bbox 579 2835 625 2880; x_wconf 82' lang='lat' dir='ltr'>ra·</span> <span class='ocrx_word' id='word_1_147' title='bbox 654 2846 704 2917; x_wconf 88' lang='lat'>25</span> <span class='ocrx_word' id='word_1_148' title='bbox 734 2821 877 2912; x_wconf 88' lang='lat' dir='ltr'>Martii,</span> <span class='ocrx_word' id='word_1_149' title='bbox 901 2825 939 2900; x_wconf 92' lang='lat' dir='ltr'>in</span> <span class='ocrx_word' id='word_1_150' title='bbox 957 2845 1066 2926; x_wconf 91' lang='lat' dir='ltr'>quem</span> <span class='ocrx_word' id='word_1_151' title='bbox 1084 2823 1200 2914; x_wconf 91' lang='lat' dir='ltr'>diem,</span> <span class='ocrx_word' id='word_1_152' title='bbox 1228 2825 1308 2926; x_wconf 88' lang='lat' dir='ltr'>post</span> <span class='ocrx_word' id='word_1_153' title='bbox 1326 2825 1558 2902; x_wconf 77' lang='lat' dir='ltr'>emendatum</span> <span class='ocrx_word' id='word_1_154' title='bbox 1591 2823 1612 2902; x_wconf 74' lang='grc' dir='ltr'>ὲ</span> <span class='ocrx_word' id='word_1_155' title='bbox 1639 2822 1793 2925; x_wconf 83' lang='grc' dir='ltr'>]υιιο</span> <span class='ocrx_word' id='word_1_156' title='bbox 1816 2820 2030 2900; x_wconf 79' lang='lat' dir='ltr'>Crsssns</span> <span class='ocrx_word' id='word_1_157' title='bbox 2190 2865 2191 2876; x_wconf 37' lang='lat'>¹</span> 
     </span>
    </p>
   </div>
   <div class='ocr_carea' id='block_1_12' title="bbox 471 2895 2031 3042">
    <p class='ocr_par' dir='ltr' id='par_1_13' title="bbox 471 2895 2031 3042">
     <span class='ocr_line' id='line_1_19' title="bbox 471 2895 1488 2960; baseline -0.014 -3"><span class='ocrx_word' id='word_1_158' title='bbox 471 2897 513 2958; x_wconf 92' lang='lat' dir='ltr'>ria</span> <span class='ocrx_word' id='word_1_159' title='bbox 534 2895 602 2958; x_wconf 86' lang='lat' dir='ltr'>fella</span> <span class='ocrx_word' id='word_1_160' title='bbox 834 2943 842 2960; x_wconf 90' lang='lat'>,</span> <span class='ocrx_word' id='word_1_161' title='bbox 1042 2945 1049 2960; x_wconf 82' lang='lat'>,</span> <span class='ocrx_word' id='word_1_162' title='bbox 1140 2945 1147 2960; x_wconf 80' lang='grc'><strong>,</strong></span> <span class='ocrx_word' id='word_1_163' title='bbox 1377 2927 1385 2945; x_wconf 89' lang='grc'><strong><em>.</em></strong></span> <span class='ocrx_word' id='word_1_164' title='bbox 1421 2943 1429 2958; x_wconf 73' lang='grc'><strong>,</strong></span> <span class='ocrx_word' id='word_1_165' title='bbox 1481 2945 1488 2959; x_wconf 70' lang='grc'><strong>,</strong></span> 
     </span>
     <span class='ocr_line' id='line_1_20' title="bbox 472 2937 2031 3042; baseline -0.006 -18"><span class='ocrx_word' id='word_1_166' title='bbox 472 2979 619 3042; x_wconf 76' lang='lat' dir='ltr'>ordinare.</span> <span class='ocrx_word' id='word_1_167' title='bbox 650 2938 931 3029; x_wconf 72' lang='lat' dir='ltr'>Kalendarum,</span> <span class='ocrx_word' id='word_1_168' title='bbox 957 2942 1212 3042; x_wconf 75' lang='lat' dir='ltr'>aequrnoehum</span> <span class='ocrx_word' id='word_1_169' title='bbox 1238 2965 1389 3018; x_wconf 89' lang='lat' dir='ltr'>vernum</span> <span class='ocrx_word' id='word_1_170' title='bbox 1417 2943 1598 3019; x_wconf 75' lang='lat' dir='ltr'>incidebat</span> <span class='ocrx_word' id='word_1_171' title='bbox 1619 2967 1627 3017; x_wconf 94' lang='lat'><strong>:</strong></span> <span class='ocrx_word' id='word_1_172' title='bbox 1651 2941 1779 3018; x_wconf 85' lang='lat' dir='ltr'>festum</span> <span class='ocrx_word' id='word_1_173' title='bbox 1802 2937 1976 3041; x_wconf 81' lang='lat' dir='ltr'>Joauu</span> <span class='ocrx_word' id='word_1_174' title='bbox 1992 2965 2031 3016; x_wconf 85' lang='lat' dir='ltr'>rs</span> 
     </span>
    </p>
   </div>
   <div class='ocr_carea' id='block_1_13' title="bbox 410 3050 2031 3516">
    <p class='ocr_par' dir='ltr' id='par_1_14' title="bbox 410 3050 2031 3516">
     <span class='ocr_line' id='line_1_21' title="bbox 473 3050 2031 3171; baseline 0.001 -36"><span class='ocrx_word' id='word_1_175' title='bbox 473 3058 540 3122; x_wconf 77' lang='lat' dir='ltr'>rins.</span> <span class='ocrx_word' id='word_1_176' title='bbox 648 3050 890 3171; x_wconf 82' lang='lat' dir='ltr'>Baptistae&#39;24</span> <span class='ocrx_word' id='word_1_177' title='bbox 902 3057 1016 3160; x_wconf 85' lang='lat' dir='ltr'>Junii‚</span> <span class='ocrx_word' id='word_1_178' title='bbox 1029 3082 1104 3161; x_wconf 92' lang='lat' dir='ltr'>quo</span> <span class='ocrx_word' id='word_1_179' title='bbox 1121 3059 1309 3136; x_wconf 87' lang='lat' dir='ltr'>solstitium</span> <span class='ocrx_word' id='word_1_180' title='bbox 1325 3073 1399 3136; x_wconf 90' lang='lat' dir='ltr'>erat</span> <span class='ocrx_word' id='word_1_181' title='bbox 1414 3059 1584 3150; x_wconf 83' lang='lat' dir='ltr'>astirum,</span> <span class='ocrx_word' id='word_1_182' title='bbox 1599 3059 1726 3136; x_wconf 88' lang='lat' dir='ltr'>festum</span> <span class='ocrx_word' id='word_1_183' title='bbox 1740 3055 1909 3136; x_wconf 80' lang='lat' dir='ltr'>Mrcua</span> <span class='ocrx_word' id='word_1_184' title='bbox 1924 3075 2031 3136; x_wconf 76' lang='lat' dir='ltr'>sris</span> 
     </span>
     <span class='ocr_line' id='line_1_22' title="bbox 410 3169 2030 3278; baseline -0.001 -26"><span class='ocrx_word' id='word_1_185' title='bbox 410 3183 413 3188; x_wconf 87' lang='grc'><strong>’</strong></span> <span class='ocrx_word' id='word_1_186' title='bbox 648 3175 870 3276; x_wconf 80' lang='lat' dir='ltr'>Septembris</span> <span class='ocrx_word' id='word_1_187' title='bbox 906 3199 998 3274; x_wconf 82' lang='lat'>29,</span> <span class='ocrx_word' id='word_1_188' title='bbox 1035 3199 1111 3277; x_wconf 91' lang='lat' dir='ltr'>quo</span> <span class='ocrx_word' id='word_1_189' title='bbox 1139 3177 1397 3278; x_wconf 78' lang='lat' dir='ltr'>aequinoslium</span> <span class='ocrx_word' id='word_1_190' title='bbox 1426 3177 1652 3271; x_wconf 86' lang='lat' dir='ltr'>autumnale;</span> <span class='ocrx_word' id='word_1_191' title='bbox 1682 3175 1839 3276; x_wconf 88' lang='lat' dir='ltr'>denique</span> <span class='ocrx_word' id='word_1_192' title='bbox 1867 3169 2030 3253; x_wconf 81' lang='lat' dir='ltr'>Natales</span> 
     </span>
     <span class='ocr_line' id='line_1_23' title="bbox 649 3281 2030 3398; baseline 0.001 -29"><span class='ocrx_word' id='word_1_193' title='bbox 649 3281 785 3398; x_wconf 80' lang='lat' dir='ltr'>Christi</span> <span class='ocrx_word' id='word_1_194' title='bbox 807 3293 958 3371; x_wconf 87' lang='lat' dir='ltr'>solstitio</span> <span class='ocrx_word' id='word_1_195' title='bbox 988 3291 1134 3370; x_wconf 89' lang='lat' dir='ltr'>hiemali</span> <span class='ocrx_word' id='word_1_196' title='bbox 1158 3317 1207 3390; x_wconf 83' lang='lat'>25</span> <span class='ocrx_word' id='word_1_197' title='bbox 1231 3287 1464 3381; x_wconf 84' lang='lat' dir='ltr'>Decembris,</span> <span class='ocrx_word' id='word_1_198' title='bbox 1489 3291 1599 3394; x_wconf 89' lang='lat' dir='ltr'>iisque</span> <span class='ocrx_word' id='word_1_199' title='bbox 1615 3291 1724 3394; x_wconf 72' lang='lat' dir='ltr'>quim</span> <span class='ocrx_word' id='word_1_200' title='bbox 1742 3291 1912 3393; x_wconf 74' lang='lat' dir='ltr'>proxime</span> <span class='ocrx_word' id='word_1_201' title='bbox 1938 3291 2030 3370; x_wconf 90' lang='lat' dir='ltr'>illud</span> 
     </span>
     <span class='ocr_line' id='line_1_24' title="bbox 647 3401 2030 3516; baseline 0 -32"><span class='ocrx_word' id='word_1_202' title='bbox 647 3405 725 3485; x_wconf 86' lang='lat' dir='ltr'>lieri</span> <span class='ocrx_word' id='word_1_203' title='bbox 741 3424 886 3508; x_wconf 89' lang='lat' dir='ltr'>poterat</span> <span class='ocrx_word' id='word_1_204' title='bbox 903 3408 1192 3498; x_wconf 81' lang='lat' dir='ltr'>Ssssnaur,</span> <span class='ocrx_word' id='word_1_205' title='bbox 1221 3407 1476 3511; x_wconf 77' lang='lat' dir='ltr'>Josnnss,</span> <span class='ocrx_word' id='word_1_206' title='bbox 1506 3425 1613 3510; x_wconf 88' lang='lat' dir='ltr'>atque</span> <span class='ocrx_word' id='word_1_207' title='bbox 1637 3401 1844 3516; x_wconf 68' lang='lat' dir='ltr'>leffentium</span> <span class='ocrx_word' id='word_1_208' title='bbox 1867 3410 2030 3486; x_wconf 82' lang='lat' dir='ltr'>innocen·</span> 
     </span>
    </p>
   </div>
   <div class='ocr_carea' id='block_1_14' title="bbox 580 3524 2190 3627">
    <p class='ocr_par' dir='ltr' id='par_1_15' title="bbox 580 3524 2190 3627">
     <span class='ocr_line' id='line_1_25' title="bbox 580 3524 2190 3627; baseline 0.002 -26"><span class='ocrx_word' id='word_1_209' title='bbox 580 3609 586 3616; x_wconf 58' lang='grc'><strong>,</strong></span> <span class='ocrx_word' id='word_1_210' title='bbox 648 3524 745 3602; x_wconf 84' lang='lat' dir='ltr'>tium</span> <span class='ocrx_word' id='word_1_211' title='bbox 758 3527 852 3604; x_wconf 82' lang='lat' dir='ltr'>fests.</span> <span class='ocrx_word' id='word_1_212' title='bbox 883 3524 979 3605; x_wconf 83' lang='lat' dir='ltr'>cum</span> <span class='ocrx_word' id='word_1_213' title='bbox 996 3543 1116 3604; x_wconf 89' lang='lat' dir='ltr'>autem</span> <span class='ocrx_word' id='word_1_214' title='bbox 1131 3525 1284 3605; x_wconf 85' lang='lat' dir='ltr'>luceellu</span> <span class='ocrx_word' id='word_1_215' title='bbox 1300 3529 1476 3627; x_wconf 88' lang='lat' dir='ltr'>temporis</span> <span class='ocrx_word' id='word_1_216' title='bbox 1493 3527 1681 3606; x_wconf 88' lang='lat' dir='ltr'>solstitium</span> <span class='ocrx_word' id='word_1_217' title='bbox 1697 3551 1775 3605; x_wconf 91' lang='lat' dir='ltr'>non</span> <span class='ocrx_word' id='word_1_218' title='bbox 1789 3551 1837 3622; x_wconf 82' lang='lat'>25</span> <span class='ocrx_word' id='word_1_219' title='bbox 1868 3525 2029 3605; x_wconf 85' lang='lat' dir='ltr'>Decem·</span> <span class='ocrx_word' id='word_1_220' title='bbox 2189 3545 2190 3584; x_wconf 67' lang='lat' dir='ltr'>l</span> 
     </span>
    </p>
   </div>
   <div class='ocr_carea' id='block_1_15' title="bbox 651 3640 2034 4215">
    <p class='ocr_par' dir='ltr' id='par_1_16' title="bbox 651 3640 2034 4215">
     <span class='ocr_line' id='line_1_26' title="bbox 651 3640 2030 3744; baseline 0 -24"><span class='ocrx_word' id='word_1_221' title='bbox 651 3645 747 3743; x_wconf 76' lang='lat' dir='ltr'>bris,</span> <span class='ocrx_word' id='word_1_222' title='bbox 758 3642 818 3721; x_wconf 89' lang='lat' dir='ltr'>sed</span> <span class='ocrx_word' id='word_1_223' title='bbox 834 3665 901 3740; x_wconf 87' lang='lat'>24,</span> <span class='ocrx_word' id='word_1_224' title='bbox 918 3665 984 3734; x_wconf 84' lang='lat'>23,</span> <span class='ocrx_word' id='word_1_225' title='bbox 1000 3646 1037 3720; x_wconf 70' lang='grc' dir='ltr'><strong>ἃ</strong></span> <span class='ocrx_word' id='word_1_226' title='bbox 1056 3667 1122 3740; x_wconf 85' lang='grc'>22,</span> <span class='ocrx_word' id='word_1_227' title='bbox 1141 3645 1179 3720; x_wconf 88' lang='lat'>&amp;</span> <span class='ocrx_word' id='word_1_228' title='bbox 1191 3641 1238 3722; x_wconf 83' lang='lat' dir='ltr'>src</span> <span class='ocrx_word' id='word_1_229' title='bbox 1251 3640 1384 3744; x_wconf 88' lang='lat' dir='ltr'>porrd,</span> <span class='ocrx_word' id='word_1_230' title='bbox 1404 3645 1644 3742; x_wconf 86' lang='lat' dir='ltr'>contingeret,</span> <span class='ocrx_word' id='word_1_231' title='bbox 1663 3645 1750 3724; x_wconf 87' lang='lat' dir='ltr'>hinc</span> <span class='ocrx_word' id='word_1_232' title='bbox 1765 3643 1896 3722; x_wconf 72' lang='lat' dir='ltr'>sallum</span> <span class='ocrx_word' id='word_1_233' title='bbox 1913 3645 1975 3733; x_wconf 88' lang='lat' dir='ltr'>est,</span> <span class='ocrx_word' id='word_1_234' title='bbox 1990 3657 2030 3721; x_wconf 90' lang='lat' dir='ltr'>ut</span> 
     </span>
     <span class='ocr_line' id='line_1_27' title="bbox 656 3760 2028 3863; baseline 0.001 -25"><span class='ocrx_word' id='word_1_235' title='bbox 656 3762 824 3863; x_wconf 92' lang='lat' dir='ltr'>quidam,</span> <span class='ocrx_word' id='word_1_236' title='bbox 839 3760 973 3838; x_wconf 80' lang='lat' dir='ltr'>saeculis</span> <span class='ocrx_word' id='word_1_237' title='bbox 988 3760 1214 3862; x_wconf 82' lang='lat' dir='ltr'>sequentibus</span> <span class='ocrx_word' id='word_1_238' title='bbox 1230 3813 1240 3852; x_wconf 90' lang='lat'><strong>‚</strong></span> <span class='ocrx_word' id='word_1_239' title='bbox 1254 3760 1478 3840; x_wconf 80' lang='lat' dir='ltr'>Cnnrsrr</span> <span class='ocrx_word' id='word_1_240' title='bbox 1503 3762 1637 3839; x_wconf 88' lang='lat' dir='ltr'>natales</span> <span class='ocrx_word' id='word_1_241' title='bbox 1660 3784 1725 3853; x_wconf 81' lang='lat'>23,</span> <span class='ocrx_word' id='word_1_242' title='bbox 1752 3785 1793 3840; x_wconf 90' lang='lat' dir='ltr'>ac</span> <span class='ocrx_word' id='word_1_243' title='bbox 1812 3761 1958 3840; x_wconf 89' lang='lat' dir='ltr'>tandem</span> <span class='ocrx_word' id='word_1_244' title='bbox 1975 3785 2028 3840; x_wconf 84' lang='grc' dir='ltr'>2ο</span> 
     </span>
     <span class='ocr_line' id='line_1_28' title="bbox 651 3875 2030 3980; baseline -0.001 -24"><span class='ocrx_word' id='word_1_245' title='bbox 651 3875 867 3956; x_wconf 87' lang='lat' dir='ltr'>Decembris</span> <span class='ocrx_word' id='word_1_246' title='bbox 888 3877 1155 3971; x_wconf 78' lang='lat' dir='ltr'>constituerint5</span> <span class='ocrx_word' id='word_1_247' title='bbox 1181 3876 1379 3980; x_wconf 75' lang='lat' dir='ltr'>essemque</span> <span class='ocrx_word' id='word_1_248' title='bbox 1393 3877 1439 3955; x_wconf 86' lang='lat' dir='ltr'>de</span> <span class='ocrx_word' id='word_1_249' title='bbox 1458 3875 1559 3956; x_wconf 73' lang='lat' dir='ltr'>caulb</span> <span class='ocrx_word' id='word_1_250' title='bbox 1582 3879 1708 3956; x_wconf 87' lang='lat' dir='ltr'>festum</span> <span class='ocrx_word' id='word_1_251' title='bbox 1732 3876 1920 3957; x_wconf 81' lang='lat' dir='ltr'>Tnossn</span> <span class='ocrx_word' id='word_1_252' title='bbox 1942 3878 2030 3978; x_wconf 74' lang='lat' dir='ltr'>eius-</span> 
     </span>
     <span class='ocr_line' id='line_1_29' title="bbox 654 3991 2034 4095; baseline 0 -23"><span class='ocrx_word' id='word_1_253' title='bbox 654 3995 739 4072; x_wconf 90' lang='lat' dir='ltr'>dem</span> <span class='ocrx_word' id='word_1_254' title='bbox 754 3994 880 4072; x_wconf 87' lang='lat' dir='ltr'>menlis</span> <span class='ocrx_word' id='word_1_255' title='bbox 899 4017 979 4083; x_wconf 84' lang='lat'>21,</span> <span class='ocrx_word' id='word_1_256' title='bbox 1005 3991 1052 4073; x_wconf 90' lang='lat' dir='ltr'><em>M</em></span> <span class='ocrx_word' id='word_1_257' title='bbox 1065 4019 1230 4072; x_wconf 75' lang='lat' dir='ltr'>asans</span> <span class='ocrx_word' id='word_1_258' title='bbox 1244 4020 1281 4086; x_wconf 89' lang='lat'>1,</span> <span class='ocrx_word' id='word_1_259' title='bbox 1300 4009 1449 4084; x_wconf 87' lang='lat' dir='ltr'>autem,</span> <span class='ocrx_word' id='word_1_260' title='bbox 1482 4015 1530 4074; x_wconf 84' lang='lat'>21</span> <span class='ocrx_word' id='word_1_261' title='bbox 1552 3993 1795 4095; x_wconf 86' lang='lat' dir='ltr'>Septembris,</span> <span class='ocrx_word' id='word_1_262' title='bbox 1813 3993 2034 4074; x_wconf 79' lang='lat' dir='ltr'>constituisse·</span> 
     </span>
     <span class='ocr_line' id='line_1_30' title="bbox 655 4111 2031 4215; baseline 0.003 -25"><span class='ocrx_word' id='word_1_263' title='bbox 655 4112 833 4193; x_wconf 85' lang='lat' dir='ltr'>videntur,</span> <span class='ocrx_word' id='word_1_264' title='bbox 894 4113 947 4192; x_wconf 87' lang='lat' dir='ltr'>Ita</span> <span class='ocrx_word' id='word_1_265' title='bbox 988 4114 1096 4192; x_wconf 90' lang='lat' dir='ltr'>etiam</span> <span class='ocrx_word' id='word_1_266' title='bbox 1132 4111 1281 4212; x_wconf 87' lang='lat' dir='ltr'>lingulis</span> <span class='ocrx_word' id='word_1_267' title='bbox 1317 4112 1474 4201; x_wconf 87' lang='lat' dir='ltr'>diebus,</span> <span class='ocrx_word' id='word_1_268' title='bbox 1514 4114 1645 4215; x_wconf 89' lang='lat' dir='ltr'>quibus</span> <span class='ocrx_word' id='word_1_269' title='bbox 1674 4115 1711 4188; x_wconf 88' lang='lat' dir='ltr'>in</span> <span class='ocrx_word' id='word_1_270' title='bbox 1741 4114 1838 4191; x_wconf 88' lang='lat' dir='ltr'>aliud</span> <span class='ocrx_word' id='word_1_271' title='bbox 1874 4111 2031 4194; x_wconf 85' lang='lat' dir='ltr'>Zodiaci</span> 
     </span>
    </p>
   </div>
   <div class='ocr_carea' id='block_1_16' title="bbox 655 4221 2189 4330">
    <p class='ocr_par' dir='ltr' id='par_1_17' title="bbox 655 4221 2189 4330">
     <span class='ocr_line' id='line_1_31' title="bbox 655 4221 2189 4330; baseline 0.004 -28"><span class='ocrx_word' id='word_1_272' title='bbox 655 4223 822 4327; x_wconf 89' lang='lat' dir='ltr'>lignum,</span> <span class='ocrx_word' id='word_1_273' title='bbox 849 4229 1003 4308; x_wconf 71' lang='lat' dir='ltr'>fallier</span> <span class='ocrx_word' id='word_1_274' title='bbox 1026 4221 1174 4306; x_wconf 79' lang='lat' dir='ltr'>Iuliano</span> <span class='ocrx_word' id='word_1_275' title='bbox 1197 4225 1415 4308; x_wconf 87' lang='lat' dir='ltr'>Kalendario</span> <span class='ocrx_word' id='word_1_276' title='bbox 1433 4232 1732 4330; x_wconf 87' lang='lat' dir='ltr'>computatione,</span> <span class='ocrx_word' id='word_1_277' title='bbox 1757 4229 1821 4308; x_wconf 88' lang='lat' dir='ltr'>Sol</span> <span class='ocrx_word' id='word_1_278' title='bbox 1844 4229 2025 4320; x_wconf 84' lang='lat' dir='ltr'>transiret,</span> <span class='ocrx_word' id='word_1_279' title='bbox 2188 4271 2189 4308; x_wconf 63' lang='grc' dir='ltr'>ι</span> 
     </span>
    </p>
   </div>
   <div class='ocr_carea' id='block_1_17' title="bbox 656 4343 2028 4698">
    <p class='ocr_par' dir='ltr' id='par_1_18' title="bbox 656 4343 2028 4698">
     <span class='ocr_line' id='line_1_32' title="bbox 656 4343 2028 4449; baseline 0.001 -27"><span class='ocrx_word' id='word_1_280' title='bbox 656 4343 810 4422; x_wconf 87' lang='lat' dir='ltr'>aliorum</span> <span class='ocrx_word' id='word_1_281' title='bbox 837 4345 1047 4426; x_wconf 74' lang='lat' dir='ltr'>Samiorum</span> <span class='ocrx_word' id='word_1_282' title='bbox 1074 4348 1159 4426; x_wconf 86' lang='lat' dir='ltr'>festa</span> <span class='ocrx_word' id='word_1_283' title='bbox 1186 4344 1436 4447; x_wconf 73' lang='lat' dir='ltr'>adfignbruntr</span> <span class='ocrx_word' id='word_1_284' title='bbox 1471 4348 1509 4424; x_wconf 71' lang='grc' dir='ltr'>ἃ</span> <span class='ocrx_word' id='word_1_285' title='bbox 1537 4345 1713 4437; x_wconf 73' lang='lat' dir='ltr'>Pauor,</span> <span class='ocrx_word' id='word_1_286' title='bbox 1741 4347 1918 4449; x_wconf 88' lang='lat' dir='ltr'>quidem,</span> <span class='ocrx_word' id='word_1_287' title='bbox 1948 4370 2028 4426; x_wconf 87' lang='lat' dir='ltr'>con·</span> 
     </span>
     <span class='ocr_line' id='line_1_33' title="bbox 656 4453 2026 4568; baseline 0.001 -29"><span class='ocrx_word' id='word_1_288' title='bbox 656 4453 861 4566; x_wconf 75' lang='lat' dir='ltr'>versionem,</span> <span class='ocrx_word' id='word_1_289' title='bbox 885 4487 934 4560; x_wconf 85' lang='lat'>25</span> <span class='ocrx_word' id='word_1_290' title='bbox 951 4459 1142 4564; x_wconf 80' lang='lat' dir='ltr'>Januarr&#39;i,</span> <span class='ocrx_word' id='word_1_291' title='bbox 1162 4487 1238 4564; x_wconf 91' lang='lat' dir='ltr'>quo</span> <span class='ocrx_word' id='word_1_292' title='bbox 1256 4465 1314 4540; x_wconf 90' lang='lat' dir='ltr'>die</span> <span class='ocrx_word' id='word_1_293' title='bbox 1329 4462 1393 4542; x_wconf 86' lang='lat' dir='ltr'>Sol</span> <span class='ocrx_word' id='word_1_294' title='bbox 1407 4467 1445 4539; x_wconf 89' lang='lat' dir='ltr'>in</span> <span class='ocrx_word' id='word_1_295' title='bbox 1465 4459 1678 4568; x_wconf 83' lang='lat' dir='ltr'>Aquarium</span> <span class='ocrx_word' id='word_1_296' title='bbox 1694 4463 1879 4554; x_wconf 79' lang='lat' dir='ltr'>transibat,</span> <span class='ocrx_word' id='word_1_297' title='bbox 1898 4465 2026 4542; x_wconf 87' lang='lat' dir='ltr'>festum</span> 
     </span>
     <span class='ocr_line' id='line_1_34' title="bbox 657 4569 2021 4698; baseline -0.001 -40"><span class='ocrx_word' id='word_1_298' title='bbox 657 4573 747 4686; x_wconf 75' lang='lat' dir='ltr'>yerd</span> <span class='ocrx_word' id='word_1_299' title='bbox 759 4575 907 4662; x_wconf 82' lang='lat' dir='ltr'>Mssa</span> <span class='ocrx_word' id='word_1_300' title='bbox 919 4606 948 4662; x_wconf 86' lang='lat' dir='ltr'>ss</span> <span class='ocrx_word' id='word_1_301' title='bbox 960 4606 1028 4673; x_wconf 76' lang='lat' dir='ltr'>ru,</span> <span class='ocrx_word' id='word_1_302' title='bbox 1047 4605 1097 4684; x_wconf 78' lang='lat'>25</span> <span class='ocrx_word' id='word_1_303' title='bbox 1117 4573 1313 4665; x_wconf 82' lang='lat' dir='ltr'>Februarii</span> <span class='ocrx_word' id='word_1_304' title='bbox 1327 4603 1402 4690; x_wconf 90' lang='lat' dir='ltr'>quo</span> <span class='ocrx_word' id='word_1_305' title='bbox 1414 4584 1453 4663; x_wconf 90' lang='lat' dir='ltr'>in</span> <span class='ocrx_word' id='word_1_306' title='bbox 1467 4569 1601 4698; x_wconf 61' lang='lat' dir='ltr'>Priores</span> <span class='ocrx_word' id='word_1_307' title='bbox 1618 4579 1786 4694; x_wconf 73' lang='lat' dir='ltr'>Muses</span> <span class='ocrx_word' id='word_1_308' title='bbox 1804 4605 1855 4684; x_wconf 83' lang='lat'>25</span> <span class='ocrx_word' id='word_1_309' title='bbox 1879 4581 2021 4686; x_wconf 78' lang='lat' dir='ltr'>Aprilis,</span> 
     </span>
    </p>
   </div>
   <div class='ocr_carea' id='block_1_18' title="bbox 1749 4720 2031 4802">
    <p class='ocr_par' dir='ltr' id='par_1_19' title="bbox 1749 4720 2031 4802">
     <span class='ocr_line' id='line_1_35' title="bbox 1749 4720 2031 4802; baseline -0.021 -25"><span class='ocrx_word' id='word_1_310' title='bbox 1749 4779 1753 4786; x_wconf 83' lang='grc'><strong>,</strong></span> <span class='ocrx_word' id='word_1_311' title='bbox 1906 4720 2031 4802; x_wconf 59' lang='grc' dir='ltr'>,φα</span> 
     </span>
    </p>
   </div>
   <div class='ocr_carea' id='block_1_19' title="bbox 0 0 2263 5812">
    <p class='ocr_par' dir='ltr' id='par_1_20' title="bbox 0 0 2263 5812">
     <span class='ocr_line' id='line_1_36' title="bbox 0 0 2263 5812; baseline 0 0"><span class='ocrx_word' id='word_1_312' title='bbox 0 0 2263 5812; x_wconf 95' lang='lat' dir='ltr'> </span> 
     </span>
    </p>
   </div>
  </div>
 </body>
</html>
