<?xml version="1.0" encoding="UTF-8"?>
<!DOCTYPE html PUBLIC "-//W3C//DTD XHTML 1.0 Transitional//EN"
    "http://www.w3.org/TR/xhtml1/DTD/xhtml1-transitional.dtd">
<html xmlns="http://www.w3.org/1999/xhtml" xml:lang="en" lang="en">
 <head>
  <title>
</title>
<meta http-equiv="Content-Type" content="text/html;charset=utf-8" />
  <meta name='ocr-system' content='tesseract 3.04.00' />
  <meta name='ocr-capabilities' content='ocr_page ocr_carea ocr_par ocr_line ocrx_word'/>
</head>
<body>
  <div class='ocr_page' id='page_1' title='image "./isaacinewtonieq00newtgoog_0091.png"; bbox 0 0 5092 5906; ppageno 0'>
   <div class='ocr_carea' id='block_1_1' title="bbox 784 377 1852 536">
    <p class='ocr_par' dir='ltr' id='par_1_1' title="bbox 784 377 1852 536">
     <span class='ocr_line' id='line_1_1' title="bbox 784 377 1852 536; baseline -0.018 -37"><span class='ocrx_word' id='word_1_1' title='bbox 784 415 843 498; x_wconf 66' lang='grc' dir='ltr'>τε</span> <span class='ocrx_word' id='word_1_2' title='bbox 1097 377 1588 536; x_wconf 63' lang='grc' dir='ltr'>ορωρυιυΜ</span> <span class='ocrx_word' id='word_1_3' title='bbox 1646 396 1852 486; x_wconf 80' lang='lat' dir='ltr'>xxrrr</span> 
     </span>
    </p>
   </div>
   <div class='ocr_carea' id='block_1_2' title="bbox 594 534 2300 2184">
    <p class='ocr_par' dir='ltr' id='par_1_2' title="bbox 594 534 2195 1130">
     <span class='ocr_line' id='line_1_2' title="bbox 594 534 2165 658; baseline 0.003 -30"><span class='ocrx_word' id='word_1_4' title='bbox 594 534 736 610; x_wconf 57' lang='lat' dir='ltr'><strong>CARI·</strong></span> <span class='ocrx_word' id='word_1_5' title='bbox 777 553 835 629; x_wconf 81' lang='lat' dir='ltr'>sui</span> <span class='ocrx_word' id='word_1_6' title='bbox 861 555 1006 632; x_wconf 85' lang='lat' dir='ltr'>vocavit</span> <span class='ocrx_word' id='word_1_7' title='bbox 1029 548 1171 658; x_wconf 69' lang='lat' dir='ltr'>Tyrios,</span> <span class='ocrx_word' id='word_1_8' title='bbox 1206 547 1380 632; x_wconf 84' lang='lat' dir='ltr'>Sidonios.</span> <span class='ocrx_word' id='word_1_9' title='bbox 1442 553 1545 632; x_wconf 87' lang='lat' dir='ltr'><strong>Dicit</strong></span> <span class='ocrx_word' id='word_1_10' title='bbox 1571 555 1669 630; x_wconf 88' lang='lat' dir='ltr'>enim</span> <span class='ocrx_word' id='word_1_11' title='bbox 1695 551 1918 632; x_wconf 85' lang='lat' dir='ltr'>Hrnnnro</span> <span class='ocrx_word' id='word_1_12' title='bbox 1945 543 2039 649; x_wconf 73' lang='lat' dir='ltr'>Tyri</span> <span class='ocrx_word' id='word_1_13' title='bbox 2062 549 2165 658; x_wconf 75' lang='lat' dir='ltr'>Regi.</span> 
     </span>
     <span class='ocr_line' id='line_1_3' title="bbox 780 659 2171 775; baseline 0 -27"><span class='ocrx_word' id='word_1_14' title='bbox 780 664 901 748; x_wconf 79' lang='lat' dir='ltr'>Serui</span> <span class='ocrx_word' id='word_1_15' title='bbox 925 675 995 749; x_wconf 84' lang='lat' dir='ltr'>mei</span> <span class='ocrx_word' id='word_1_16' title='bbox 1020 696 1130 750; x_wconf 85' lang='lat' dir='ltr'>erum</span> <span class='ocrx_word' id='word_1_17' title='bbox 1152 695 1235 750; x_wconf 85' lang='lat' dir='ltr'>cum</span> <span class='ocrx_word' id='word_1_18' title='bbox 1264 666 1398 752; x_wconf 82' lang='lat' dir='ltr'>Seruis</span> <span class='ocrx_word' id='word_1_19' title='bbox 1425 672 1523 762; x_wconf 82' lang='lat' dir='ltr'>tuis,</span> <span class='ocrx_word' id='word_1_20' title='bbox 1553 663 1602 759; x_wconf 69' lang='lat' dir='ltr'>da·</span> <span class='ocrx_word' id='word_1_21' title='bbox 1628 695 1680 747; x_wconf 83' lang='lat' dir='ltr'>eae</span> <span class='ocrx_word' id='word_1_22' title='bbox 1696 660 1888 775; x_wconf 78' lang='lat' dir='ltr'>sementr&#39;d</span> <span class='ocrx_word' id='word_1_23' title='bbox 1907 659 1979 744; x_wconf 81' lang='lat' dir='ltr'>tud</span> <span class='ocrx_word' id='word_1_24' title='bbox 2001 673 2171 750; x_wconf 80' lang='lat' dir='ltr'><em>mercedes</em></span> 
     </span>
     <span class='ocr_line' id='line_1_4' title="bbox 783 778 2172 895; baseline 0.001 -32"><span class='ocrx_word' id='word_1_25' title='bbox 783 786 826 864; x_wconf 83' lang='lat' dir='ltr'>do</span> <span class='ocrx_word' id='word_1_26' title='bbox 844 778 971 865; x_wconf 83' lang='lat' dir='ltr'>Servis</span> <span class='ocrx_word' id='word_1_27' title='bbox 996 797 1074 867; x_wconf 83' lang='lat' dir='ltr'>tuis</span> <span class='ocrx_word' id='word_1_28' title='bbox 1092 850 1103 881; x_wconf 90' lang='lat'><strong>,</strong></span> <span class='ocrx_word' id='word_1_29' title='bbox 1117 789 1251 895; x_wconf 75' lang='lat' dir='ltr'>juxta</span> <span class='ocrx_word' id='word_1_30' title='bbox 1271 797 1414 878; x_wconf 82' lang='lat' dir='ltr'>omnia,</span> <span class='ocrx_word' id='word_1_31' title='bbox 1449 813 1528 895; x_wconf 78' lang='lat' dir='ltr'>que</span> <span class='ocrx_word' id='word_1_32' title='bbox 1561 780 1691 894; x_wconf 79' lang='lat' dir='ltr'>optdsti</span> <span class='ocrx_word' id='word_1_33' title='bbox 1703 813 1713 882; x_wconf 85' lang='lat'>3</span> <span class='ocrx_word' id='word_1_34' title='bbox 1742 779 1854 864; x_wconf 86' lang='lat' dir='ltr'>Novi</span> <span class='ocrx_word' id='word_1_35' title='bbox 1885 793 1899 864; x_wconf 87' lang='lat' dir='ltr'>i</span> <span class='ocrx_word' id='word_1_36' title='bbox 1925 791 2044 873; x_wconf 85' lang='lat' dir='ltr'>enim,</span> <span class='ocrx_word' id='word_1_37' title='bbox 2077 783 2172 894; x_wconf 79' lang='lat' dir='ltr'>quid</span> 
     </span>
     <span class='ocr_line' id='line_1_5' title="bbox 784 895 2171 1022; baseline 0.001 -40"><span class='ocrx_word' id='word_1_38' title='bbox 784 897 843 982; x_wconf 79' lang='lat' dir='ltr'>hic</span> <span class='ocrx_word' id='word_1_39' title='bbox 862 909 958 983; x_wconf 83' lang='lat' dir='ltr'>inter</span> <span class='ocrx_word' id='word_1_40' title='bbox 987 934 1047 985; x_wconf 85' lang='lat' dir='ltr'>nos</span> <span class='ocrx_word' id='word_1_41' title='bbox 1063 906 1183 985; x_wconf 84' lang='lat' dir='ltr'>nullus</span> <span class='ocrx_word' id='word_1_42' title='bbox 1204 900 1279 1014; x_wconf 75' lang='lat' dir='ltr'>est,</span> <span class='ocrx_word' id='word_1_43' title='bbox 1305 915 1370 1014; x_wconf 85' lang='lat' dir='ltr'>qui</span> <span class='ocrx_word' id='word_1_44' title='bbox 1397 904 1494 1011; x_wconf 79' lang='lat' dir='ltr'>ligna</span> <span class='ocrx_word' id='word_1_45' title='bbox 1513 897 1652 1014; x_wconf 75' lang='lat' dir='ltr'>affabri</span> <span class='ocrx_word' id='word_1_46' title='bbox 1679 897 1855 1022; x_wconf 85' lang='lat' dir='ltr'>effingat,</span> <span class='ocrx_word' id='word_1_47' title='bbox 1888 917 1933 980; x_wconf 83' lang='lat' dir='ltr'>ut</span> <span class='ocrx_word' id='word_1_48' title='bbox 1952 901 2094 983; x_wconf 89' lang='lat' dir='ltr'>Sidonii</span> <span class='ocrx_word' id='word_1_49' title='bbox 2101 895 2171 1018; x_wconf 77' lang='lat' dir='ltr'>fir</span> 
     </span>
     <span class='ocr_line' id='line_1_6' title="bbox 782 1015 2195 1130; baseline 0.001 -29"><span class='ocrx_word' id='word_1_50' title='bbox 782 1028 895 1103; x_wconf 87' lang='lat' dir='ltr'>ciunt.</span> <span class='ocrx_word' id='word_1_51' title='bbox 942 1019 1043 1105; x_wconf 88' lang='lat' dir='ltr'>Novi</span> <span class='ocrx_word' id='word_1_52' title='bbox 1067 1026 1201 1106; x_wconf 84' lang='lat' dir='ltr'>Incolae</span> <span class='ocrx_word' id='word_1_53' title='bbox 1233 1023 1323 1130; x_wconf 71' lang='lat' dir='ltr'>Tyri</span> <span class='ocrx_word' id='word_1_54' title='bbox 1357 1026 1525 1104; x_wconf 87' lang='lat' dir='ltr'>nondum</span> <span class='ocrx_word' id='word_1_55' title='bbox 1552 1027 1675 1103; x_wconf 84' lang='lat' dir='ltr'>vocari</span> <span class='ocrx_word' id='word_1_56' title='bbox 1698 1023 1893 1100; x_wconf 81' lang='lat' dir='ltr'>desiverant</span> <span class='ocrx_word' id='word_1_57' title='bbox 1920 1015 2079 1112; x_wconf 85' lang='lat' dir='ltr'>Sidonii,</span> <span class='ocrx_word' id='word_1_58' title='bbox 2110 1043 2195 1102; x_wconf 76' lang='lat' dir='ltr'>ne-&#39;</span> 
     </span>
    </p>

    <p class='ocr_par' dir='ltr' id='par_1_3' title="bbox 689 1141 2300 2184">
     <span class='ocr_line' id='line_1_7' title="bbox 689 1141 2164 1248; baseline -0.001 -28"><span class='ocrx_word' id='word_1_59' title='bbox 689 1171 697 1184; x_wconf 96' lang='lat'><strong>·</strong></span> <span class='ocrx_word' id='word_1_60' title='bbox 783 1166 857 1243; x_wconf 90' lang='lat' dir='ltr'>que</span> <span class='ocrx_word' id='word_1_61' title='bbox 885 1141 1062 1236; x_wconf 84' lang='lat' dir='ltr'>Veteres,</span> <span class='ocrx_word' id='word_1_62' title='bbox 1107 1142 1266 1222; x_wconf 87' lang='lat' dir='ltr'>fimulti</span> <span class='ocrx_word' id='word_1_63' title='bbox 1290 1143 1522 1248; x_wconf 79' lang='lat' dir='ltr'>supererant,</span> <span class='ocrx_word' id='word_1_64' title='bbox 1556 1146 1605 1220; x_wconf 86' lang='lat' dir='ltr'>ita</span> <span class='ocrx_word' id='word_1_65' title='bbox 1631 1141 1797 1220; x_wconf 84' lang='lat' dir='ltr'>celebres</span> <span class='ocrx_word' id='word_1_66' title='bbox 1824 1153 1947 1227; x_wconf 88' lang='lat' dir='ltr'>erant,</span> <span class='ocrx_word' id='word_1_67' title='bbox 1977 1155 2019 1216; x_wconf 93' lang='lat' dir='ltr'>ut</span> <span class='ocrx_word' id='word_1_68' title='bbox 2051 1146 2164 1234; x_wconf 89' lang='lat' dir='ltr'>novi,</span> 
     </span>
     <span class='ocr_line' id='line_1_8' title="bbox 785 1256 2168 1360; baseline -0.003 -24"><span class='ocrx_word' id='word_1_69' title='bbox 785 1259 907 1336; x_wconf 86' lang='lat' dir='ltr'>fabrili</span> <span class='ocrx_word' id='word_1_70' title='bbox 951 1263 1105 1360; x_wconf 81' lang='lat' dir='ltr'>peritii,</span> <span class='ocrx_word' id='word_1_71' title='bbox 1133 1275 1174 1338; x_wconf 90' lang='lat' dir='ltr'>ut</span> <span class='ocrx_word' id='word_1_72' title='bbox 1199 1261 1366 1349; x_wconf 75' lang='lat' dir='ltr'>fuissent,</span> <span class='ocrx_word' id='word_1_73' title='bbox 1401 1260 1427 1338; x_wconf 84' lang='lat' dir='ltr'>sr</span> <span class='ocrx_word' id='word_1_74' title='bbox 1459 1261 1522 1340; x_wconf 84' lang='lat' dir='ltr'>Ars</span> <span class='ocrx_word' id='word_1_75' title='bbox 1548 1259 1753 1358; x_wconf 86' lang='lat' dir='ltr'>Navigandi</span> <span class='ocrx_word' id='word_1_76' title='bbox 1782 1273 1864 1356; x_wconf 88' lang='lat' dir='ltr'>ante</span> <span class='ocrx_word' id='word_1_77' title='bbox 1896 1256 2053 1334; x_wconf 89' lang='lat' dir='ltr'>multum</span> <span class='ocrx_word' id='word_1_78' title='bbox 2078 1273 2168 1338; x_wconf 87' lang='lat' dir='ltr'>tem.</span> 
     </span>
     <span class='ocr_line' id='line_1_9' title="bbox 784 1371 2171 1480; baseline 0.001 -27"><span class='ocrx_word' id='word_1_79' title='bbox 784 1401 853 1478; x_wconf 89' lang='lat' dir='ltr'>pus</span> <span class='ocrx_word' id='word_1_80' title='bbox 879 1373 899 1455; x_wconf 75' lang='lat' dir='ltr'>is</span> <span class='ocrx_word' id='word_1_81' title='bbox 925 1372 1032 1480; x_wconf 55' lang='lat' dir='ltr'>liris</span> <span class='ocrx_word' id='word_1_82' title='bbox 1066 1379 1229 1480; x_wconf 84' lang='lat' dir='ltr'>usurpata</span> <span class='ocrx_word' id='word_1_83' title='bbox 1247 1378 1371 1457; x_wconf 80' lang='lat' dir='ltr'>fulliet.</span> <span class='ocrx_word' id='word_1_84' title='bbox 1434 1378 1623 1467; x_wconf 84' lang='lat' dir='ltr'>Artifices,</span> <span class='ocrx_word' id='word_1_85' title='bbox 1655 1381 1718 1477; x_wconf 92' lang='lat' dir='ltr'>qui</span> <span class='ocrx_word' id='word_1_86' title='bbox 1736 1375 1756 1454; x_wconf 84' lang='grc' dir='ltr'>ὲ</span> <span class='ocrx_word' id='word_1_87' title='bbox 1775 1371 1906 1453; x_wconf 82' lang='lat' dir='ltr'><em>Sidone</em></span> <span class='ocrx_word' id='word_1_88' title='bbox 1928 1375 2080 1474; x_wconf 75' lang='lat' dir='ltr'>profeiii</span> <span class='ocrx_word' id='word_1_89' title='bbox 2094 1378 2171 1454; x_wconf 87' lang='lat' dir='ltr'>fue·</span> 
     </span>
     <span class='ocr_line' id='line_1_10' title="bbox 784 1488 2169 1593; baseline 0.002 -22"><span class='ocrx_word' id='word_1_90' title='bbox 784 1508 891 1582; x_wconf 91' lang='lat' dir='ltr'>rant,</span> <span class='ocrx_word' id='word_1_91' title='bbox 919 1497 1259 1575; x_wconf 82' lang='lat' dir='ltr'>nondum-mortui</span> <span class='ocrx_word' id='word_1_92' title='bbox 1283 1509 1405 1586; x_wconf 90' lang='lat' dir='ltr'>erant,</span> <span class='ocrx_word' id='word_1_93' title='bbox 1443 1498 1480 1572; x_wconf 73' lang='grc' dir='ltr'>δι</span> <span class='ocrx_word' id='word_1_94' title='bbox 1505 1488 1648 1573; x_wconf 80' lang='lat' dir='ltr'>Sidonii</span> <span class='ocrx_word' id='word_1_95' title='bbox 1671 1494 1838 1593; x_wconf 82' lang='lat' dir='ltr'>fugerant</span> <span class='ocrx_word' id='word_1_96' title='bbox 1868 1490 2057 1590; x_wconf 86' lang='lat' dir='ltr'>Regnante</span> <span class='ocrx_word' id='word_1_97' title='bbox 2084 1493 2169 1574; x_wconf 83' lang='lat' dir='ltr'>Dn-</span> 
     </span>
     <span class='ocr_line' id='line_1_11' title="bbox 783 1608 2168 1714; baseline 0 -26"><span class='ocrx_word' id='word_1_98' title='bbox 783 1637 956 1702; x_wconf 79' lang='lat' dir='ltr'>vrnn„</span> <span class='ocrx_word' id='word_1_99' title='bbox 999 1615 1122 1702; x_wconf 85' lang='lat' dir='ltr'>idest,</span> <span class='ocrx_word' id='word_1_100' title='bbox 1166 1615 1230 1691; x_wconf 87' lang='lat' dir='ltr'>sub</span> <span class='ocrx_word' id='word_1_101' title='bbox 1258 1617 1364 1693; x_wconf 87' lang='lat' dir='ltr'>initio</span> <span class='ocrx_word' id='word_1_102' title='bbox 1406 1610 1523 1713; x_wconf 86' lang='lat' dir='ltr'>Regni</span> <span class='ocrx_word' id='word_1_103' title='bbox 1553 1613 1770 1691; x_wconf 82' lang='lat' dir='ltr'>Asrnnnr</span> <span class='ocrx_word' id='word_1_104' title='bbox 1806 1613 1913 1714; x_wconf 88' lang='lat' dir='ltr'>patris</span> <span class='ocrx_word' id='word_1_105' title='bbox 1951 1608 2168 1692; x_wconf 76' lang='lat' dir='ltr'>Hrnnnss.</span> 
     </span>
     <span class='ocr_line' id='line_1_12' title="bbox 783 1725 2300 1834; baseline 0.001 -26"><span class='ocrx_word' id='word_1_106' title='bbox 783 1728 1031 1809; x_wconf 72' lang='lat' dir='ltr'>Antonius</span> <span class='ocrx_word' id='word_1_107' title='bbox 1062 1746 1184 1810; x_wconf 88' lang='lat' dir='ltr'>autem</span> <span class='ocrx_word' id='word_1_108' title='bbox 1224 1733 1272 1808; x_wconf 85' lang='lat' dir='ltr'>eli</span> <span class='ocrx_word' id='word_1_109' title='bbox 1306 1735 1445 1834; x_wconf 85' lang='lat' dir='ltr'>primus</span> <span class='ocrx_word' id='word_1_110' title='bbox 1482 1725 1574 1833; x_wconf 72' lang='lat' dir='ltr'>Tyri</span> <span class='ocrx_word' id='word_1_111' title='bbox 1597 1729 1714 1820; x_wconf 83' lang='lat' dir='ltr'>Rex,</span> <span class='ocrx_word' id='word_1_112' title='bbox 1747 1730 1792 1806; x_wconf 91' lang='lat' dir='ltr'>de</span> <span class='ocrx_word' id='word_1_113' title='bbox 1827 1751 1902 1830; x_wconf 88' lang='lat' dir='ltr'>quo</span> <span class='ocrx_word' id='word_1_114' title='bbox 1939 1733 2171 1810; x_wconf 82' lang='lat' dir='ltr'>meminerint</span> <span class='ocrx_word' id='word_1_115' title='bbox 2296 1811 2300 1820; x_wconf 68' lang='grc'><strong>,</strong></span> 
     </span>
     <span class='ocr_line' id='line_1_13' title="bbox 784 1843 2170 1948; baseline 0.002 -24"><span class='ocrx_word' id='word_1_116' title='bbox 784 1843 961 1924; x_wconf 86' lang='lat' dir='ltr'>Historiae.</span> <span class='ocrx_word' id='word_1_117' title='bbox 1011 1848 1349 1946; x_wconf 81' lang='lat' dir='ltr'>Drv1n,·ann0</span> <span class='ocrx_word' id='word_1_118' title='bbox 1389 1849 1611 1926; x_wconf 80' lang='lat' dir='ltr'>duodecimo</span> <span class='ocrx_word' id='word_1_119' title='bbox 1665 1871 1713 1924; x_wconf 88' lang='lat' dir='ltr'>ex</span> <span class='ocrx_word' id='word_1_120' title='bbox 1755 1871 1831 1948; x_wconf 94' lang='lat' dir='ltr'>quo</span> <span class='ocrx_word' id='word_1_121' title='bbox 1862 1844 1993 1943; x_wconf 86' lang='lat' dir='ltr'>Regno</span> <span class='ocrx_word' id='word_1_122' title='bbox 2032 1850 2170 1946; x_wconf 91' lang='lat' dir='ltr'>potitus</span> 
     </span>
     <span class='ocr_line' id='line_1_14' title="bbox 783 1957 2171 2067; baseline 0.002 -26"><span class='ocrx_word' id='word_1_123' title='bbox 783 1957 924 2054; x_wconf 82' lang='lat' dir='ltr'>fuerat,</span> <span class='ocrx_word' id='word_1_124' title='bbox 951 1964 1092 2067; x_wconf 87' lang='lat' dir='ltr'><strong>subegit</strong></span> <span class='ocrx_word' id='word_1_125' title='bbox 1119 1959 1256 2055; x_wconf 86' lang='lat' dir='ltr'><em>Edem,</em></span> <span class='ocrx_word' id='word_1_126' title='bbox 1286 1981 1326 2044; x_wconf 92' lang='lat' dir='ltr'>ut</span> <span class='ocrx_word' id='word_1_127' title='bbox 1356 1965 1457 2066; x_wconf 92' lang='lat' dir='ltr'>supra</span> <span class='ocrx_word' id='word_1_128' title='bbox 1484 1966 1665 2054; x_wconf 83' lang='lat' dir='ltr'>uidimus,</span> <span class='ocrx_word' id='word_1_129' title='bbox 1698 1967 1735 2042; x_wconf 90' lang='lat'>&amp;</span> <span class='ocrx_word' id='word_1_130' title='bbox 1762 1957 1901 2042; x_wconf 78' lang='lat' dir='ltr'>idcirco</span> <span class='ocrx_word' id='word_1_131' title='bbox 1931 1963 2051 2061; x_wconf 89' lang='lat' dir='ltr'>plures</span> <span class='ocrx_word' id='word_1_132' title='bbox 2076 1957 2171 2044; x_wconf 84' lang='lat' dir='ltr'>Edo-</span> 
     </span>
     <span class='ocr_line' id='line_1_15' title="bbox 785 2069 2171 2184; baseline 0.004 -27"><span class='ocrx_word' id='word_1_133' title='bbox 785 2079 993 2174; x_wconf 80' lang='lat' dir='ltr'>mitarum‚</span> <span class='ocrx_word' id='word_1_134' title='bbox 1019 2110 1061 2162; x_wconf 89' lang='lat' dir='ltr'>ac</span> <span class='ocrx_word' id='word_1_135' title='bbox 1093 2083 1285 2184; x_wconf 71' lang='lat' dir='ltr'>presertim</span> <span class='ocrx_word' id='word_1_136' title='bbox 1310 2081 1565 2178; x_wconf 64' lang='lat' dir='ltr'>Memnones,</span> <span class='ocrx_word' id='word_1_137' title='bbox 1596 2085 1634 2158; x_wconf 65' lang='grc' dir='ltr'>ἃ</span> <span class='ocrx_word' id='word_1_138' title='bbox 1660 2081 1788 2160; x_wconf 83' lang='lat' dir='ltr'>Nautae</span> <span class='ocrx_word' id='word_1_139' title='bbox 1815 2105 1862 2158; x_wconf 88' lang='lat' dir='ltr'>ex</span> <span class='ocrx_word' id='word_1_140' title='bbox 1892 2069 2016 2156; x_wconf 83' lang='lat' dir='ltr'>Mari</span> <span class='ocrx_word' id='word_1_141' title='bbox 2047 2075 2171 2162; x_wconf 79' lang='lat' dir='ltr'>Rubro</span> 
     </span>
    </p>
   </div>
   <div class='ocr_carea' id='block_1_3' title="bbox 772 2191 2173 2772">
    <p class='ocr_par' dir='ltr' id='par_1_4' title="bbox 772 2191 2173 2772">
     <span class='ocr_line' id='line_1_16' title="bbox 784 2191 2172 2305; baseline 0.003 -29"><span class='ocrx_word' id='word_1_142' title='bbox 784 2197 833 2276; x_wconf 81' lang='lat' dir='ltr'>ad</span> <span class='ocrx_word' id='word_1_143' title='bbox 859 2191 1051 2305; x_wconf 80' lang='lat' dir='ltr'>Philistaeos</span> <span class='ocrx_word' id='word_1_144' title='bbox 1080 2226 1198 2302; x_wconf 88' lang='lat' dir='ltr'>prope</span> <span class='ocrx_word' id='word_1_145' title='bbox 1224 2191 1352 2278; x_wconf 86' lang='lat' dir='ltr'>Mare</span> <span class='ocrx_word' id='word_1_146' title='bbox 1384 2192 1717 2278; x_wconf 70' lang='lat' dir='ltr'><em>Mediterraneum</em></span> <span class='ocrx_word' id='word_1_147' title='bbox 1750 2200 2019 2295; x_wconf 87' lang='lat' dir='ltr'>confugerunt,</span> <span class='ocrx_word' id='word_1_148' title='bbox 2036 2201 2089 2274; x_wconf 85' lang='lat'>·&amp;</span> <span class='ocrx_word' id='word_1_149' title='bbox 2121 2204 2172 2280; x_wconf 92' lang='lat' dir='ltr'>ibi</span> 
     </span>
     <span class='ocr_line' id='line_1_17' title="bbox 784 2307 2172 2425; baseline 0.005 -31"><span class='ocrx_word' id='word_1_150' title='bbox 784 2308 974 2396; x_wconf 73' lang='lat' dir='ltr'>Aramum</span> <span class='ocrx_word' id='word_1_151' title='bbox 1006 2322 1334 2397; x_wconf 87' lang='lat' dir='ltr'>communiverunt.</span> <span class='ocrx_word' id='word_1_152' title='bbox 1397 2315 1495 2395; x_wconf 87' lang='lat' dir='ltr'>Nam</span> <span class='ocrx_word' id='word_1_153' title='bbox 1523 2307 1597 2425; x_wconf 82' lang='lat' dir='ltr'>(o)</span> <span class='ocrx_word' id='word_1_154' title='bbox 1624 2307 1921 2394; x_wconf 67' lang='lat' dir='ltr'>siraninus</span> <span class='ocrx_word' id='word_1_155' title='bbox 1945 2318 2020 2390; x_wconf 87' lang='lat' dir='ltr'>ait:</span> <span class='ocrx_word' id='word_1_156' title='bbox 2055 2334 2172 2400; x_wconf 70' lang='lat' dir='ltr'>raom</span> 
     </span>
     <span class='ocr_line' id='line_1_18' title="bbox 783 2425 2173 2544; baseline 0.004 -42"><span class='ocrx_word' id='word_1_157' title='bbox 783 2429 882 2506; x_wconf 60' lang='lat' dir='ltr'>balteo</span> <span class='ocrx_word' id='word_1_158' title='bbox 911 2431 959 2516; x_wconf 68' lang='lat' dir='ltr'>eie</span> <span class='ocrx_word' id='word_1_159' title='bbox 983 2431 1037 2508; x_wconf 73' lang='grc' dir='ltr'>τῖν</span> <span class='ocrx_word' id='word_1_160' title='bbox 1064 2435 1267 2516; x_wconf 58' lang='lat' dir='ltr'>irremeabiliter</span> <span class='ocrx_word' id='word_1_161' title='bbox 1297 2428 1352 2503; x_wconf 65' lang='grc' dir='ltr'>ἐπ’</span> <span class='ocrx_word' id='word_1_162' title='bbox 1377 2435 1504 2532; x_wconf 63' lang='grc' dir='ltr'>Ἐρυθρᾶς</span> <span class='ocrx_word' id='word_1_163' title='bbox 1533 2429 1698 2510; x_wconf 49' lang='lat' dir='ltr'>&amp;aaroni</span> <span class='ocrx_word' id='word_1_164' title='bbox 1721 2427 1895 2519; x_wconf 66' lang='lat' dir='ltr'>propalate:</span> <span class='ocrx_word' id='word_1_165' title='bbox 1932 2425 2097 2544; x_wconf 64' lang='lat' dir='ltr'>Ql&#39;dam</span> <span class='ocrx_word' id='word_1_166' title='bbox 2119 2455 2173 2508; x_wconf 73' lang='lat' dir='ltr'>ex</span> 
     </span>
     <span class='ocr_line' id='line_1_19' title="bbox 772 2533 2168 2650; baseline 0.005 -31"><span class='ocrx_word' id='word_1_167' title='bbox 772 2541 853 2640; x_wconf 71' lang='lat' dir='ltr'>tie,</span> <span class='ocrx_word' id='word_1_168' title='bbox 891 2546 957 2648; x_wconf 87' lang='lat' dir='ltr'>qui</span> <span class='ocrx_word' id='word_1_169' title='bbox 980 2539 1107 2623; x_wconf 86' lang='lat' dir='ltr'>Mare</span> <span class='ocrx_word' id='word_1_170' title='bbox 1132 2539 1305 2622; x_wconf 84' lang='lat' dir='ltr'><em>Rubrum</em></span> <span class='ocrx_word' id='word_1_171' title='bbox 1314 2533 1534 2648; x_wconf 79' lang='lat' dir='ltr'>firgerent,</span> <span class='ocrx_word' id='word_1_172' title='bbox 1576 2536 1765 2624; x_wconf 70' lang='lat' dir='ltr'>Azetium</span> <span class='ocrx_word' id='word_1_173' title='bbox 1801 2538 2024 2650; x_wconf 71' lang='lat' dir='ltr'>aedfficovr&#39;t:</span> <span class='ocrx_word' id='word_1_174' title='bbox 2054 2550 2168 2639; x_wconf 87' lang='lat' dir='ltr'>idest,</span> 
     </span>
     <span class='ocr_line' id='line_1_20' title="bbox 783 2655 2171 2772; baseline 0.006 -36"><span class='ocrx_word' id='word_1_175' title='bbox 783 2657 958 2762; x_wconf 86' lang='lat' dir='ltr'>Princeps</span> <span class='ocrx_word' id='word_1_176' title='bbox 973 2663 1120 2764; x_wconf 86' lang='lat' dir='ltr'>quidam</span> <span class='ocrx_word' id='word_1_177' title='bbox 1136 2655 1398 2738; x_wconf 82' lang='lat' dir='ltr'>Edomitarum</span> <span class='ocrx_word' id='word_1_178' title='bbox 1418 2718 1428 2749; x_wconf 89' lang='lat'><strong>,</strong></span> <span class='ocrx_word' id='word_1_179' title='bbox 1448 2663 1513 2762; x_wconf 90' lang='lat' dir='ltr'>qui</span> <span class='ocrx_word' id='word_1_180' title='bbox 1543 2658 1710 2737; x_wconf 82' lang='lat' dir='ltr'>Dnvrn</span> <span class='ocrx_word' id='word_1_181' title='bbox 1724 2681 1784 2736; x_wconf 81' lang='lat' dir='ltr'>cn</span> <span class='ocrx_word' id='word_1_182' title='bbox 1813 2664 2004 2772; x_wconf 70' lang='lat' dir='ltr'>fugerant,</span> <span class='ocrx_word' id='word_1_183' title='bbox 2043 2683 2171 2746; x_wconf 87' lang='lat' dir='ltr'>contra</span> 
     </span>
    </p>
   </div>
   <div class='ocr_carea' id='block_1_4' title="bbox 780 2769 2383 4420">
    <p class='ocr_par' dir='ltr' id='par_1_5' title="bbox 788 2769 2172 2882">
     <span class='ocr_line' id='line_1_21' title="bbox 788 2769 2172 2882; baseline 0.007 -30"><span class='ocrx_word' id='word_1_184' title='bbox 788 2801 904 2866; x_wconf 79' lang='lat' dir='ltr'>euna,</span> <span class='ocrx_word' id='word_1_185' title='bbox 941 2783 979 2858; x_wconf 85' lang='lat'>&amp;</span> <span class='ocrx_word' id='word_1_186' title='bbox 1009 2805 1077 2879; x_wconf 87' lang='lat' dir='ltr'>pro</span> <span class='ocrx_word' id='word_1_187' title='bbox 1103 2769 1291 2880; x_wconf 75' lang='lat' dir='ltr'>Philislaeis</span> <span class='ocrx_word' id='word_1_188' title='bbox 1322 2781 1477 2855; x_wconf 84' lang='lat' dir='ltr'>munivit</span> <span class='ocrx_word' id='word_1_189' title='bbox 1504 2769 1698 2854; x_wconf 79' lang='lat' dir='ltr'>Azoehum.</span> <span class='ocrx_word' id='word_1_190' title='bbox 1758 2779 1813 2857; x_wconf 82' lang='lat' dir='ltr'>Ad</span> <span class='ocrx_word' id='word_1_191' title='bbox 1841 2806 2011 2882; x_wconf 86' lang='lat' dir='ltr'>magnam</span> <span class='ocrx_word' id='word_1_192' title='bbox 2038 2783 2172 2862; x_wconf 87' lang='lat' dir='ltr'>Poten-</span> 
     </span>
    </p>

    <p class='ocr_par' dir='ltr' id='par_1_6' title="bbox 785 2887 2172 3002">
     <span class='ocr_line' id='line_1_22' title="bbox 785 2887 2172 3002; baseline 0.007 -32"><span class='ocrx_word' id='word_1_193' title='bbox 785 2896 873 2974; x_wconf 86' lang='lat' dir='ltr'>tiam</span> <span class='ocrx_word' id='word_1_194' title='bbox 904 2897 1133 2975; x_wconf 81' lang='lat' dir='ltr'>ascenderant</span> <span class='ocrx_word' id='word_1_195' title='bbox 1160 2887 1332 3002; x_wconf 81' lang='lat' dir='ltr'>Philiflei</span> <span class='ocrx_word' id='word_1_196' title='bbox 1357 2894 1610 2974; x_wconf 89' lang='lat' dir='ltr'>accedentibus</span> <span class='ocrx_word' id='word_1_197' title='bbox 1637 2887 1840 2987; x_wconf 85' lang='lat' dir='ltr'>Edomrtis,</span> <span class='ocrx_word' id='word_1_198' title='bbox 1873 2901 1910 2976; x_wconf 72' lang='grc' dir='ltr'>δι</span> <span class='ocrx_word' id='word_1_199' title='bbox 1938 2899 2172 2992; x_wconf 88' lang='lat' dir='ltr'>Pastoribus,</span> 
     </span>
    </p>

    <p class='ocr_par' dir='ltr' id='par_1_7' title="bbox 785 3006 2172 3121">
     <span class='ocr_line' id='line_1_23' title="bbox 785 3006 2172 3121; baseline 0.009 -35"><span class='ocrx_word' id='word_1_200' title='bbox 785 3011 826 3086; x_wconf 86' lang='lat'>&amp;</span> <span class='ocrx_word' id='word_1_201' title='bbox 849 3011 983 3094; x_wconf 87' lang='lat' dir='ltr'>horum</span> <span class='ocrx_word' id='word_1_202' title='bbox 1006 3016 1143 3094; x_wconf 88' lang='lat' dir='ltr'>auxilio</span> <span class='ocrx_word' id='word_1_203' title='bbox 1168 3006 1333 3092; x_wconf 84' lang='lat' dir='ltr'>Sidonem</span> <span class='ocrx_word' id='word_1_204' title='bbox 1356 3013 1581 3100; x_wconf 83' lang='lat' dir='ltr'>invaserunt,</span> <span class='ocrx_word' id='word_1_205' title='bbox 1614 3027 1725 3114; x_wconf 87' lang='lat' dir='ltr'>atque</span> <span class='ocrx_word' id='word_1_206' title='bbox 1740 3029 1954 3116; x_wconf 82' lang='lat' dir='ltr'>coeperunt,</span> <span class='ocrx_word' id='word_1_207' title='bbox 1979 3043 2057 3121; x_wconf 84' lang='lat' dir='ltr'>quae</span> <span class='ocrx_word' id='word_1_208' title='bbox 2074 3020 2172 3098; x_wconf 90' lang='lat' dir='ltr'>Urbs</span> 
     </span>
    </p>

    <p class='ocr_par' dir='ltr' id='par_1_8' title="bbox 786 3127 2173 3217">
     <span class='ocr_line' id='line_1_24' title="bbox 786 3127 2173 3217; baseline 0.011 -15"><span class='ocrx_word' id='word_1_209' title='bbox 786 3129 890 3208; x_wconf 73' lang='lat' dir='ltr'>valde</span> <span class='ocrx_word' id='word_1_210' title='bbox 916 3133 1112 3212; x_wconf 86' lang='lat' dir='ltr'>commoda</span> <span class='ocrx_word' id='word_1_211' title='bbox 1138 3144 1214 3210; x_wconf 89' lang='lat' dir='ltr'>erat</span> <span class='ocrx_word' id='word_1_212' title='bbox 1245 3131 1510 3210; x_wconf 81' lang='lat' dir='ltr'>Mercatoribus</span> <span class='ocrx_word' id='word_1_213' title='bbox 1537 3130 1802 3209; x_wconf 76' lang='lat' dir='ltr'>venientibusb</span> <span class='ocrx_word' id='word_1_214' title='bbox 1827 3129 1952 3214; x_wconf 82' lang='lat' dir='ltr'>Rubro</span> <span class='ocrx_word' id='word_1_215' title='bbox 1974 3127 2116 3216; x_wconf 88' lang='lat' dir='ltr'>Mari:</span> <span class='ocrx_word' id='word_1_216' title='bbox 2134 3141 2173 3217; x_wconf 85' lang='lat'>&amp;</span> 
     </span>
    </p>

    <p class='ocr_par' dir='ltr' id='par_1_9' title="bbox 789 3242 2172 3356">
     <span class='ocr_line' id='line_1_25' title="bbox 789 3242 2172 3356; baseline 0.009 -37"><span class='ocrx_word' id='word_1_217' title='bbox 789 3243 922 3325; x_wconf 90' lang='lat' dir='ltr'>deinde</span> <span class='ocrx_word' id='word_1_218' title='bbox 945 3251 1203 3352; x_wconf 88' lang='lat' dir='ltr'>compulerunt</span> <span class='ocrx_word' id='word_1_219' title='bbox 1234 3242 1395 3326; x_wconf 82' lang='lat' dir='ltr'>Sidonios</span> <span class='ocrx_word' id='word_1_220' title='bbox 1427 3249 1582 3348; x_wconf 86' lang='lat' dir='ltr'>fugere,</span> <span class='ocrx_word' id='word_1_221' title='bbox 1613 3249 1650 3326; x_wconf 89' lang='lat'>&amp;</span> <span class='ocrx_word' id='word_1_222' title='bbox 1678 3251 1845 3348; x_wconf 87' lang='lat' dir='ltr'>navigare</span> <span class='ocrx_word' id='word_1_223' title='bbox 1878 3249 2038 3356; x_wconf 74' lang='lat' dir='ltr'>Tyrum,</span> <span class='ocrx_word' id='word_1_224' title='bbox 2070 3251 2172 3334; x_wconf 86' lang='lat' dir='ltr'>Ara·</span> 
     </span>
    </p>

    <p class='ocr_par' dir='ltr' id='par_1_10' title="bbox 787 3357 2172 3468">
     <span class='ocr_line' id='line_1_26' title="bbox 787 3357 2172 3468; baseline 0.011 -30"><span class='ocrx_word' id='word_1_225' title='bbox 787 3359 892 3453; x_wconf 84' lang='lat' dir='ltr'><em>dum,</em></span> <span class='ocrx_word' id='word_1_226' title='bbox 915 3367 952 3442; x_wconf 72' lang='grc' dir='ltr'>δι</span> <span class='ocrx_word' id='word_1_227' title='bbox 981 3370 1026 3446; x_wconf 90' lang='lat' dir='ltr'>ad</span> <span class='ocrx_word' id='word_1_228' title='bbox 1049 3369 1131 3446; x_wconf 90' lang='lat' dir='ltr'>alias</span> <span class='ocrx_word' id='word_1_229' title='bbox 1154 3367 1329 3444; x_wconf 74' lang='lat' dir='ltr'>litterales</span> <span class='ocrx_word' id='word_1_230' title='bbox 1348 3367 1527 3444; x_wconf 83' lang='lat' dir='ltr'>stationes</span> <span class='ocrx_word' id='word_1_231' title='bbox 1546 3357 1641 3468; x_wconf 84' lang='lat' dir='ltr'>Afiae</span> <span class='ocrx_word' id='word_1_232' title='bbox 1659 3365 1821 3456; x_wconf 74' lang='lat' dir='ltr'>minoris,</span> <span class='ocrx_word' id='word_1_233' title='bbox 1844 3365 2017 3462; x_wconf 74' lang='lat' dir='ltr'>Gracia,</span> <span class='ocrx_word' id='word_1_234' title='bbox 2045 3399 2086 3452; x_wconf 88' lang='lat' dir='ltr'>ac</span> <span class='ocrx_word' id='word_1_235' title='bbox 2103 3367 2172 3452; x_wconf 84' lang='lat' dir='ltr'>Li-</span> 
     </span>
    </p>

    <p class='ocr_par' dir='ltr' id='par_1_11' title="bbox 785 3473 2172 3592">
     <span class='ocr_line' id='line_1_27' title="bbox 785 3473 2172 3592; baseline 0.012 -37"><span class='ocrx_word' id='word_1_236' title='bbox 785 3473 890 3582; x_wconf 62' lang='lat' dir='ltr'>bye,</span> <span class='ocrx_word' id='word_1_237' title='bbox 919 3508 997 3583; x_wconf 83' lang='lat' dir='ltr'>quae</span> <span class='ocrx_word' id='word_1_238' title='bbox 1021 3489 1064 3562; x_wconf 91' lang='lat' dir='ltr'>iis</span> <span class='ocrx_word' id='word_1_239' title='bbox 1090 3484 1361 3585; x_wconf 80' lang='lat' dir='ltr'>negotiantibus</span> <span class='ocrx_word' id='word_1_240' title='bbox 1390 3488 1464 3582; x_wconf 87' lang='lat' dir='ltr'>jarn</span> <span class='ocrx_word' id='word_1_241' title='bbox 1487 3499 1588 3561; x_wconf 85' lang='lat' dir='ltr'>antea</span> <span class='ocrx_word' id='word_1_242' title='bbox 1619 3485 1881 3588; x_wconf 77' lang='lat' dir='ltr'>innotuerant3</span> <span class='ocrx_word' id='word_1_243' title='bbox 1907 3514 2012 3581; x_wconf 87' lang='lat' dir='ltr'>narn,</span> <span class='ocrx_word' id='word_1_244' title='bbox 2040 3516 2172 3592; x_wconf 87' lang='lat' dir='ltr'>magna</span> 
     </span>
    </p>

    <p class='ocr_par' dir='ltr' id='par_1_12' title="bbox 785 3596 2173 3708">
     <span class='ocr_line' id='line_1_28' title="bbox 785 3596 2173 3708; baseline 0.012 -36"><span class='ocrx_word' id='word_1_245' title='bbox 785 3596 880 3674; x_wconf 86' lang='lat' dir='ltr'>bella</span> <span class='ocrx_word' id='word_1_246' title='bbox 902 3599 1071 3702; x_wconf 69' lang='lat' dir='ltr'>prospere</span> <span class='ocrx_word' id='word_1_247' title='bbox 1100 3604 1197 3701; x_wconf 89' lang='lat' dir='ltr'>gesta</span> <span class='ocrx_word' id='word_1_248' title='bbox 1225 3604 1269 3678; x_wconf 90' lang='lat' dir='ltr'>ab</span> <span class='ocrx_word' id='word_1_249' title='bbox 1299 3625 1437 3680; x_wconf 84' lang='lat' dir='ltr'>eorum.</span> <span class='ocrx_word' id='word_1_250' title='bbox 1453 3601 1554 3679; x_wconf 83' lang='lat' dir='ltr'>hoste</span> <span class='ocrx_word' id='word_1_251' title='bbox 1582 3597 1788 3678; x_wconf 82' lang='lat' dir='ltr'>Dnvtur</span> <span class='ocrx_word' id='word_1_252' title='bbox 1815 3631 1880 3685; x_wconf 91' lang='lat' dir='ltr'>eos</span> <span class='ocrx_word' id='word_1_253' title='bbox 1907 3609 2104 3708; x_wconf 87' lang='lat' dir='ltr'>adegerant</span> <span class='ocrx_word' id='word_1_254' title='bbox 2125 3612 2173 3689; x_wconf 89' lang='lat' dir='ltr'>ad</span> 
     </span>
    </p>

    <p class='ocr_par' dir='ltr' id='par_1_13' title="bbox 784 3711 2172 3821">
     <span class='ocr_line' id='line_1_29' title="bbox 784 3711 2172 3821; baseline 0.012 -31"><span class='ocrx_word' id='word_1_255' title='bbox 784 3713 909 3813; x_wconf 85' lang='lat' dir='ltr'>fugam</span> <span class='ocrx_word' id='word_1_256' title='bbox 934 3711 1061 3798; x_wconf 86' lang='lat' dir='ltr'>Mare</span> <span class='ocrx_word' id='word_1_257' title='bbox 1093 3719 1365 3821; x_wconf 82' lang='lat' dir='ltr'>eapess&#39;endanr:</span> <span class='ocrx_word' id='word_1_258' title='bbox 1396 3719 1478 3796; x_wconf 86' lang='lat' dir='ltr'>sunt</span> <span class='ocrx_word' id='word_1_259' title='bbox 1509 3723 1578 3811; x_wconf 84' lang='lat' dir='ltr'>(x)</span> <span class='ocrx_word' id='word_1_260' title='bbox 1609 3720 1706 3795; x_wconf 89' lang='lat' dir='ltr'>enim</span> <span class='ocrx_word' id='word_1_261' title='bbox 1741 3724 1892 3821; x_wconf 74' lang='lat' dir='ltr'>profecti</span> <span class='ocrx_word' id='word_1_262' title='bbox 1920 3728 2078 3805; x_wconf 79' lang='lat' dir='ltr'>maximi</span> <span class='ocrx_word' id='word_1_263' title='bbox 2101 3730 2172 3806; x_wconf 83' lang='lat' dir='ltr'>fre-</span> 
     </span>
    </p>

    <p class='ocr_par' dir='ltr' id='par_1_14' title="bbox 786 3834 2172 3946">
     <span class='ocr_line' id='line_1_30' title="bbox 786 3834 2172 3946; baseline 0.011 -37"><span class='ocrx_word' id='word_1_264' title='bbox 786 3834 958 3932; x_wconf 78' lang='lat' dir='ltr'>quentia,</span> <span class='ocrx_word' id='word_1_265' title='bbox 991 3862 1068 3915; x_wconf 92' lang='lat' dir='ltr'>non</span> <span class='ocrx_word' id='word_1_266' title='bbox 1098 3837 1283 3939; x_wconf 82' lang='lat' dir='ltr'>quaefitunr</span> <span class='ocrx_word' id='word_1_267' title='bbox 1313 3835 1581 3932; x_wconf 65' lang='lat' dir='ltr'>Europen,</span> <span class='ocrx_word' id='word_1_268' title='bbox 1613 3854 1654 3914; x_wconf 88' lang='lat' dir='ltr'>ot</span> <span class='ocrx_word' id='word_1_269' title='bbox 1682 3834 1961 3938; x_wconf 81' lang='lat' dir='ltr'>simulaverunt,</span> <span class='ocrx_word' id='word_1_270' title='bbox 1987 3845 2049 3920; x_wconf 87' lang='lat' dir='ltr'>sed</span> <span class='ocrx_word' id='word_1_271' title='bbox 2075 3871 2172 3946; x_wconf 87' lang='lat' dir='ltr'>quae-</span> 
     </span>
    </p>

    <p class='ocr_par' dir='ltr' id='par_1_15' title="bbox 784 3948 2383 4070">
     <span class='ocr_line' id='line_1_31' title="bbox 784 3948 2173 4063; baseline 0.012 -39"><span class='ocrx_word' id='word_1_272' title='bbox 784 3948 891 4029; x_wconf 82' lang='lat' dir='ltr'>fitunr</span> <span class='ocrx_word' id='word_1_273' title='bbox 922 3979 1032 4033; x_wconf 87' lang='lat' dir='ltr'>novas</span> <span class='ocrx_word' id='word_1_274' title='bbox 1062 3955 1194 4046; x_wconf 85' lang='lat' dir='ltr'>Sedes,</span> <span class='ocrx_word' id='word_1_275' title='bbox 1219 3955 1291 4032; x_wconf 89' lang='lat' dir='ltr'>hoc</span> <span class='ocrx_word' id='word_1_276' title='bbox 1307 3956 1411 4055; x_wconf 74' lang='lat' dir='ltr'>palio</span> <span class='ocrx_word' id='word_1_277' title='bbox 1433 3953 1540 4034; x_wconf 75' lang='lat' dir='ltr'>esuis</span> <span class='ocrx_word' id='word_1_278' title='bbox 1566 3953 1725 4034; x_wconf 84' lang='lat' dir='ltr'>hostibus</span> <span class='ocrx_word' id='word_1_279' title='bbox 1753 3958 1925 4060; x_wconf 89' lang='lat' dir='ltr'>elapsuri:</span> <span class='ocrx_word' id='word_1_280' title='bbox 1952 3977 2062 4063; x_wconf 84' lang='lat' dir='ltr'>atque</span> <span class='ocrx_word' id='word_1_281' title='bbox 2081 3965 2173 4042; x_wconf 80' lang='lat' dir='ltr'>duna</span> 
     </span>
    </p>

    <p class='ocr_par' dir='ltr' id='par_1_16' title="bbox 786 4062 2383 4183">
     <span class='ocr_line' id='line_1_32' title="bbox 786 4062 2383 4183; baseline 0.014 -44"><span class='ocrx_word' id='word_1_282' title='bbox 786 4062 898 4168; x_wconf 84' lang='lat' dir='ltr'>aliqui</span> <span class='ocrx_word' id='word_1_283' title='bbox 927 4093 975 4148; x_wconf 82' lang='lat' dir='ltr'>ex</span> <span class='ocrx_word' id='word_1_284' title='bbox 1008 4077 1051 4150; x_wconf 90' lang='lat' dir='ltr'>iis</span> <span class='ocrx_word' id='word_1_285' title='bbox 1080 4075 1143 4153; x_wconf 89' lang='lat' dir='ltr'>sub</span> <span class='ocrx_word' id='word_1_286' title='bbox 1170 4074 1374 4170; x_wconf 75' lang='lat' dir='ltr'>Cinam,</span> <span class='ocrx_word' id='word_1_287' title='bbox 1402 4076 1439 4149; x_wconf 88' lang='lat'>&amp;</span> <span class='ocrx_word' id='word_1_288' title='bbox 1467 4073 1631 4150; x_wconf 87' lang='lat' dir='ltr'>fratribus</span> <span class='ocrx_word' id='word_1_289' title='bbox 1662 4073 1701 4148; x_wconf 90' lang='lat' dir='ltr'>in</span> <span class='ocrx_word' id='word_1_290' title='bbox 1721 4064 1908 4168; x_wconf 79' lang='lat' dir='ltr'>Ciliciam,</span> <span class='ocrx_word' id='word_1_291' title='bbox 1936 4071 2063 4183; x_wconf 84' lang='lat' dir='ltr'>Astam</span> <span class='ocrx_word' id='word_1_292' title='bbox 2077 4073 2174 4158; x_wconf 77' lang='lat' dir='ltr'>Mi.</span> <span class='ocrx_word' id='word_1_293' title='bbox 2256 4107 2259 4112; x_wconf 85' lang='lat'>·</span> <span class='ocrx_word' id='word_1_294' title='bbox 2382 4073 2383 4162; x_wconf 82' lang='lat' dir='ltr'>l</span> 
     </span>
    </p>

    <p class='ocr_par' dir='ltr' id='par_1_17' title="bbox 780 4185 2383 4420">
     <span class='ocr_line' id='line_1_33' title="bbox 780 4185 2383 4294; baseline 0.014 -36"><span class='ocrx_word' id='word_1_295' title='bbox 780 4202 926 4276; x_wconf 77' lang='lat' dir='ltr'>norem,</span> <span class='ocrx_word' id='word_1_296' title='bbox 959 4212 1001 4266; x_wconf 90' lang='lat' dir='ltr'>ac</span> <span class='ocrx_word' id='word_1_297' title='bbox 1042 4185 1221 4272; x_wconf 66' lang='lat' dir='ltr'>Graeciam</span> <span class='ocrx_word' id='word_1_298' title='bbox 1249 4190 1518 4272; x_wconf 79' lang='lat' dir='ltr'>advehebantur</span> <span class='ocrx_word' id='word_1_299' title='bbox 1542 4213 1555 4294; x_wconf 77' lang='lat'>3</span> <span class='ocrx_word' id='word_1_300' title='bbox 1599 4190 1660 4270; x_wconf 88' lang='lat' dir='ltr'>alii</span> <span class='ocrx_word' id='word_1_301' title='bbox 1688 4190 1751 4272; x_wconf 85' lang='lat' dir='ltr'>sub</span> <span class='ocrx_word' id='word_1_302' title='bbox 1780 4195 1855 4276; x_wconf 82' lang='lat' dir='ltr'>aliis</span> <span class='ocrx_word' id='word_1_303' title='bbox 1877 4195 2046 4278; x_wconf 89' lang='lat' dir='ltr'>Ducibus</span> <span class='ocrx_word' id='word_1_304' title='bbox 2069 4201 2184 4278; x_wconf 70' lang='lat' dir='ltr'>ibant·</span> <span class='ocrx_word' id='word_1_305' title='bbox 2382 4185 2383 4212; x_wconf 59' lang='lat'>³</span> 
     </span>
     <span class='ocr_line' id='line_1_34' title="bbox 1922 4316 2172 4420; baseline 0.004 -26"><span class='ocrx_word' id='word_1_306' title='bbox 1922 4377 1926 4386; x_wconf 86' lang='lat'><em>.</em></span> <span class='ocrx_word' id='word_1_307' title='bbox 2045 4316 2172 4420; x_wconf 79' lang='lat' dir='ltr'>quaeli-</span> 
     </span>
    </p>
   </div>
   <div class='ocr_carea' id='block_1_5' title="bbox 870 4483 1256 4648">
    <p class='ocr_par' dir='ltr' id='par_1_18' title="bbox 870 4483 1256 4648">
     <span class='ocr_line' id='line_1_35' title="bbox 877 4483 1244 4563; baseline -0.008 -16"><span class='ocrx_word' id='word_1_308' title='bbox 877 4489 925 4563; x_wconf 79' lang='lat' dir='ltr'>(v)</span> <span class='ocrx_word' id='word_1_309' title='bbox 951 4483 1066 4561; x_wconf 80' lang='lat' dir='ltr'>stepha.</span> <span class='ocrx_word' id='word_1_310' title='bbox 1087 4487 1118 4548; x_wconf 90' lang='lat' dir='ltr'>in</span> <span class='ocrx_word' id='word_1_311' title='bbox 1140 4486 1244 4553; x_wconf 62' lang='lat' dir='ltr'>irath.</span> 
     </span>
     <span class='ocr_line' id='line_1_36' title="bbox 870 4562 1256 4648; baseline -0.016 -19"><span class='ocrx_word' id='word_1_312' title='bbox 870 4570 919 4648; x_wconf 73' lang='lat' dir='ltr'>(x)</span> <span class='ocrx_word' id='word_1_313' title='bbox 940 4564 1050 4630; x_wconf 71' lang='lat' dir='ltr'>Conon.</span> <span class='ocrx_word' id='word_1_314' title='bbox 1075 4562 1185 4632; x_wconf 70' lang='lat' dir='ltr'>Narrat&#39;</span> <span class='ocrx_word' id='word_1_315' title='bbox 1206 4579 1256 4647; x_wconf 83' lang='lat'>37.</span> 
     </span>
    </p>
   </div>
   <div class='ocr_carea' id='block_1_6' title="bbox 0 0 2550 5906">
    <p class='ocr_par' dir='ltr' id='par_1_19' title="bbox 0 0 2550 5906">
     <span class='ocr_line' id='line_1_37' title="bbox 0 0 2550 5906; baseline 0 0"><span class='ocrx_word' id='word_1_316' title='bbox 0 0 2550 5906; x_wconf 95' lang='lat' dir='ltr'> </span> 
     </span>
    </p>
   </div>
  </div>
 </body>
</html>
