4500 5812
1671 139 1678 189 i

267 363 283 406 ⁶
388 355 1453 516 onsnarorrnororrnn
1547 458 1632 534 am

247 599 306 658 ret
336 581 381 658 ab
404 607 450 661 eo
476 583 616 682 gestas,
644 587 769 685 primo·
795 583 968 684 praeconii
986 581 1104 681 rpfius
1129 607 1250 676 anno,
1280 587 1325 664 ab
1352 589 1429 664 aliis
1463 581 1739 706 Europe-0544,
1792 679 1794 682 ¹

247 697 520 787 b'stioomisses,
552 717 680 780 narrat.
721 701 900 804 Reliqua,
928 699 1013 776 inde
1036 704 1162 799 gesta,
1202 707 1312 796 ceteri
1348 707 1462 805 magis
1491 703 1787 805 menbrorum
1837 769 1841 792 ,

248 816 359 918 quim
389 815 631 918 Jotrrreus
655 821 833 914 reserunt3
857 821 938 929 bic,
961 822 1084 908 enim,
1107 843 1186 922 quae
1205 820 1260 896 illi
1271 835 1498 911 memorant,
1516 791 1672 900 omit-⁶
1702 789 1800 874 ΡΨ·

246 937 299 1012 tit.
1713 965 1724 983 '¹

260 1078 266 1088 ¹
305 1047 360 1148 Ex
383 1051 457 1131 boc
482 1067 673 1154 tempore,
707 1055 843 1151 igitur,
876 1049 1032 1154 Jnsua
1066 1051 1194 1130 docuit
1220 1055 1258 1130 in
1282 1054 1487 1158 Synagogis
1514 1049 1627 1133 Gasi-

245 1165 338 1258 Iaeae,
366 1168 493 1247 diebus
508 1171 688 1260 sabbathi,
705 1172 748 1248 ab
763 1173 933 1248 omnibus
953 1171 1162 1247 celebratus.
1197 1168 1312 1266 Cum,
1345 1169 1451 1263 verb,
1472 1174 1626 1252 insuam

242 1285 354 1386 ipfius
380 1289 511 1366 urbem
547 1291 723 1388 patriam,
760 1283 1048 1376 Nazarenam,
1077 1287 1211 1378 idest,
1239 1291 1492 1368 ubieducatus
1521 1307 1618 1382 erat,

242 1403 412 1494 venisset,
443 1404 567 1506 ibique
589 1409 627 1482 in
649 1405 846 1506 Synagogi
869 1404 1039 1494 doceret,
1064 1403 1190 1504 offensi
1217 1405 1299 1484 sunt
1322 1400 1619 1506 Nazareoiooni,
1699 1399 1702 1408 ’

95 1531 102 1540 ’
240 1517 424 1622 -et'tmque,
460 1523 548 1599 urbe
572 1523 748 1620 ejectum,
775 1527 815 1600 in
842 1527 1002 1610 montio,
1029 1525 1067 1598 in
1093 1545 1169 1623 quo
1188 1519 1248 1600 sita
1273 1538 1347 1602 erat
1373 1527 1480 1616 urbs,
1508 1528 1620 1602 verti-

242 1661 324 1716 cem
350 1639 556 1744 duxerunt,
581 1640 666 1716 inde
688 1639 805 1742 ipsum
829 1642 869 1720 in
891 1661 1050 1738 praeceps
1070 1639 1207 1732 daturi3
1227 1640 1311 1727 isle,
1327 1635 1437 1730 verri,
1459 1667 1525 1742 per
1542 1667 1619 1720 me·

239 1753 345 1832 dirim
356 1753 517 1856 ipsorum
530 1755 710 1845 tranfiens,
724 1758 823 1846 abiit,
836 1753 1005 1857 venitque
1018 1755 1103 1832 inde
1118 1756 1155 1830 in
1168 1757 1295 1834 urbem
1314 1749 1616 1864 Cqmnaiimrrm,

241 1869 366 1973 ibique
382 1873 556 1951 habitavit
577 1875 646 1974 (a),
672 1870 726 1952 -Et
745 1878 818 1973 jam
835 1875 986 1952 alterum
1006 1871 1161 1960 Pascha,
1188 1874 1245 1949 vei
1260 1873 1460 1974 praeteriisse
1477 1877 1535 1954 rel
1548 1875 1619 1953 ins-

240 1987 369 2078 titisse,
394 1987 508 2078 reite,
530 2005 571 2066 ut
589 1992 754 2081 videtur,
782 1993 930 2071 statuere
949 1989 1045 2066 licet.
1085 1987 1210 2068 Omne
1235 1991 1309 2068 hoc
1332 2007 1475 2092 tempus
1492 1997 1618 2094 paucio

240 2108 360 2183 verbio
386 2105 682 2185 annus
711 2111 910 2206 percurrit,
937 2119 1045 2206 atque
1075 2106 1161 2182 binc
1181 2107 1317 2184 tradere
1334 2111 1465 2208 incipit
1479 2134 1617 2210 praeco·
1649 2111 1651 2116 ’

122 2223 125 2228 ’
235 2225 342 2299 nium
360 2226 396 2300 δι
411 2225 584 2302 miracula
609 2214 761 2331 Gorrstr.
782 2217 895 2314 Ciam,
913 2225 1053 2326 inquit,
1072 2221 1127 2324 Ji
1141 2244 1158 2300 s
1171 2249 1225 2300 us
1247 2217 1465 2332 auiivrffer,
1481 2227 1522 2302 in
1536 2252 1618 2302 car.

239 2361 355 2416 terem
370 2334 562 2436 conjeiium
579 2330 643 2448 effe
656 2339 679 2443 J
692 2367 716 2420 o
729 2366 789 2418 nrt
805 2371 828 2418 u
839 2365 901 2430 rm
915 2396 925 2427 ,
941 2337 1038 2416 abiit
1053 2340 1091 2416 in
1108 2333 1308 2430 Galilaeam,
1326 2367 1370 2418 oc
1383 2335 1511 2420 retroit
1526 2335 1617 2418 Na-

238 2456 421 2547 aareroo,
442 2459 548 2536 nenio
568 2453 825 2567 babitooioque
839 2461 877 2534 iro
890 2454 979 2535 urbe
996 2449 1262 2566 Capernoir'mo,
1280 2475 1393 2564 atque
1413 2465 1466 2536 'ex
1480 2475 1625 2564 rotome

236 2589 320 2683 porr
336 2575 470 2682 incepit
485 2575 704 2666 concionari,
722 2575 917 2654 aedicere:
936 2565 1166 2698 Rtstoiftitrs
1188 2599 1342 2680 nomque
1354 2576 1616 2684 adpropinqua·

237 2699 298 2772 vir
317 2685 481 2797 Regnum
494 2692 660 2772 colorum
679 2687 755 2796 ib).
790 2694 915 2784 Postea
941 2693 986 2770 ad
1004 2691 1040 2778 se¹
1061 2697 1229 2782 vocarit,
1257 2691 1395 2796 sibique
1416 2693 1614 2796 discipulo·

232 2801 403 2900 adscivit,
428 2809 668 2902 Parnon,
692 2807 1614 2912 Annonam,Jncouum&Joanuum‚·

236 2951 282 3003 ac
295 2925 418 3006 deindo
430 2929 611 3010 circuivit
626 2936 805 3032 integram
820 2923 1024 3022 Golisaeom,
1040 2923 1160 3002 docens
1176 2927 1213 3002 in
1227 2921 1444 3030 Spoogogis,
1459 2967 1529 2982 -—
1541 2953 1621 3030 om·-

226 3039 384 3150 ‘ne'mque
390 3035 527 3150 firmam
540 3041 724 3134 morbum,
740 3087 811 3100 -
826 3033 990 3147 imfirma
1004 3041 1082 3144 ejus
1095 3041 1194 3118 exiit
1204 3059 1268 3150 per
1282 3069 1414 3122 omnem
1430 3039 1578 3147 Syriam
1589 3101 1607 3148 Ι,

229 3163 474 3269 'tulerintque
488 3155 664 3270 adipsum
678 3153 1281 3266 omnesaegrorosstquuraequesuot
1298 3186 1380 3238 eum
1395 3160 1516 3240 multae
1528 3177 1611 3238 rur-

232 3275 288 3358 bo
308 3271 326 3357 i
344 3275 525 3370 Galiba,
538 3272 556 3358 ὲ
567 3277 749 3386 Decapoii,
766 3271 815 3366 dm
826 3269 1101 3385 Hierosolymis,
1120 3271 1169 3368 m·
1184 3271 1329 3378 Judaeri,
1349 3272 1613 3367 &orcistram

232 3387 522 3502 Iordanemstris
545 3401 609 3496 (c).
640 3397 886 3498 Contigerant
912 3397 989 3474 baec
1010 3399 1133 3474 omnia
1154 3411 1236 3474 ante
1260 3397 1462 3476 sermonem
1481 3387 1615 3502 Christi

127 3564 131 3575 ·
233 3519 274 3594 in
296 3530 424 3594 monte
437 3541 449 3610 3
464 3511 630 3617 adeoque
650 3539 718 3614 pro
736 3529 836 3592 certo
855 3517 944 3620 licet
958 3515 1123 3602 statuere,
1144 3519 1216 3613 jam
1232 3512 1425 3592 secundum
1454 3513 1610 3603 Pascha,

233 3635 324 3712 dnm
341 3657 490 3712 munere
506 3635 740 3731 fungeretur,
762 3630 990 3734 praeteriisse,
1013 3630 1219 3732 priusquam
1234 3631 1294 3708 illa
1321 3635 1438 3709 oratio
1465 3621 1613 3708 babere-

232 3766 304 3857 tur.
337 3749 490 3838 Turbae,
514 3750 616 3828 illum
638 3771 685 3826 ex
705 3741 1019 3854 Hierosolymis&
1039 3743 1177 3846 suono
1202 3747 1377 3849 sequutae,
1396 3761 1612 3847 argumento

232 3869 336 3956 sunt,
356 3891 440 3946 eum
457 3863 566 3967 paulo
587 3881 697 3956 ante,
720 3867 796 3943 festi
812 3889 945 3966 nempe
959 3880 1145 3964 tempore,
1167 3865 1241 3942 illic
1263 3863 1372 3943 fuisse.
1408 3859 1538 3943 Oratio
1553 3887 1616 3942 au-

233 4000 308 4064 tem
328 3987 364 4060 in
382 4009 507 4064 monte
530 3986 649 4063 habita
668 3984 736 4073 est,
762 3981 847 4062 ciana
864 3987 1028 4087 ingentes
1045 3981 1209 4081 undique
1223 3982 1267 4058 ad
1290 4007 1374 4060 eum
1387 3983 1497 4059 turbae
1512 4005 1615 4059 acce·

234 4105 389 4190 derent,
413 4101 551 4203 pe‘rque
576 4127 682 4202 agros
707 4125 790 4178 eum
808 4102 1056 4200 sequerentur,
1082 4101 1179 4176 unde
1198 4112 1318 4199 patet,
1341 4099 1490 4176 aestivarn
1505 4102 1615 4176 etiam

234 4221 318 4298 a'nni
340 4237 419 4297 tum
442 4217 543 4298 fuisse
558 4221 827 4321 tempestatem:
848 4220 885 4294 in
909 4217 983 4294 hoc
1006 4215 1149 4318 insuper
1171 4217 1335 4293 sermone
1363 4216 1438 4292 lilia
1464 4218 1502 4292 in
1520 4218 1614 4314 agris

234 4339 466 4427 monstrarit,
499 4361 599 4439 quae,
631 4361 789 4438 nempe,
816 4352 896 4414 tum
921 4335 1012 4414 flore
1044 4333 1110 4412 suo
1141 4333 1252 4412 essent
1278 4331 1471 4434 conspicua
1498 4333 1614 4412 oculis

250 4479 255 4490 ·
978 4449 1084 4530 Bbb
1132 4475 1154 4528 n
1508 4448 1617 4554 ipsrua

315 4597 358 4678 (a)
380 4595 438 4660 Luc
474 4595 533 4660 tv.
627 4591 671 4674 (ᾖ
697 4591 802 4658 mnu.
827 4593 879 4662 tv.
906 4611 953 4658 η.
1020 4591 1178 4671 (qiud.
1211 4603 1473 4672 18.23.24.25.
