4500 5812
621 470 703 552 ,aa
962 431 1462 525 oportunum
1531 433 1711 524 arr*

439 631 600 706 mvn,
620 597 708 681 huic
727 603 762 682 se
784 605 960 708 opposuit
979 599 1191 686 Graecorum
1205 603 1409 707 Imperator
1427 603 1496 686 Par
1511 631 1525 682 1
1539 630 1562 683 e
1576 629 1773 684 terreos
1793 601 1832 686 Α.
1853 603 1894 685 C.
1915 631 1964 706 71
1981 611 2017 701 r,

435 737 469 781 10
490 717 603 865 Gptgo·
622 722 678 798 vel
699 744 797 820 712.
820 722 928 804 Lao
954 739 1076 804 autem
1090 715 1261 831 [fiturum
1293 739 1336 803 ut
1357 725 1567 804 ulteriorem
1591 729 1667 825 eius
1682 723 1906 826 progressum
1928 725 2020 805 bilr-

436 819 501 946 ἓξ]
534 821 544 864 ¹
574 822 608 864 ⁰'
624 853 704 930 ret,
725 846 926 922 concilium
937 843 1154 923 Senatorum
1169 845 1207 921 de
1222 841 1490 945 Episcoporum
1504 846 1543 920 in
1557 844 1622 921 suo
1637 845 1772 944 palatio
1787 851 2016 936 convocarit,

627 955 658 1033 t
689 958 732 1038 C.
756 977 843 1057 726
856 953 940 1068 (a),
963 977 1098 1064 atque,
1117 985 1166 1040 ex
1184 985 1313 1040 eorum
1341 960 1535 1049 sententid,
1556 962 1713 1039 editium
1729 959 1894 1040 adversus
1913 963 2019 1042 illum

620 1075 768 1156 cultum
790 1080 1062 1182 promulgavit,
1089 1101 1246 1158 necnon
1263 1080 1399 1158 litteras
1418 1079 1520 1158 dedit
1543 1080 1588 1156 ad
1602 1077 1636 1158 G
1651 1105 1676 1158 a
1691 1103 1712 1156 e
1727 1105 1753 1156 e
1766 1104 1791 1157 ο
1804 1104 1851 1157 n1
1866 1103 1891 1158 u
1904 1103 1935 1156 ra
1953 1078 1975 1160 l
1984 1077 2015 1159 I.

623 1189 788 1294 Papam,
814 1211 855 1275 ut
880 1198 1076 1276 universale
1089 1198 1308 1279 Concilium·
1332 1211 1536 1298 cogeretur.
1578 1194 1673 1300 Papa
1700 1211 1823 1277 autem
1853 1199 2019 1298 protinus

622 1307 758 1393 Romae
769 1315 989 1396 ¹Concilium
1004 1317 1153 1417 cotgit,
1174 1319 1377 1416 imaginum
1395 1315 1536 1412 cultum
1549 1341 1596 1395 eo
1613 1313 1866 1412 confirmauit,
1890 1310 2019 1396 Graeca

628 1428 844 1534 Imperatori
870 1433 1067 1513 Anathema
1089 1434 1204 1523 dixit,
1232 1429 1487 1536 popultimque
1513 1433 1674 1535 ejusiide
1699 1434 1874 1524 exsolvit,
1900 1438 2017 1515 uetito

620 1548 694 1650 'ipss
710 1553 887 1630 tributum
905 1553 1089 1653 pendere,
1119 1547 1238 1629 alidve
1265 1551 1342 1630 ullo
1363 1554 1480 1630 modo
1503 1552 1567 1655 ipsr
1581 1553 1827 1632 obedientiam
1843 1553 2014 1654 praestare.

628 1665 726 1748 Mox
744 1673 841 1748 urbis
861 1670 990 1749 Romae
1011 1670 1164 1758 incolas,
1190 1693 1259 1746 nec
1280 1661 2019 1779 noncampanrae‚1taeannae‚,&1³eara.

624 1782 983 1894 poleos,urbi1imque
1002 1787 1100 1866 hisce
1121 1785 1348 1887 Regionibus
1371 1789 1615 1878 subditarum,
1635 1790 1681 1866 ab
1705 1788 1928 1889 Imperatore
1955 1790 2017 1867 de·

629 1903 817 2002 fecerunt,
842 1930 907 2002 ac,
924 1901 1191 1984 violentas-suis
1208 1903 1475 2004 Magistratibus
1497 1931 1624 1986 manus
1648 1907 1868 1996 inserentes,
1893 1905 1920 1984 P
1936 1931 2017 1985 nu·

630 2045 755 2114 eunr,
774 2026 948 2126 quidem,
976 2021 1155 2102 Ravennae
1179 2021 1409 2114 Exarchum,
1436 2025 1672 2119 occiderunt3
1693 2023 1720 2104 P
1737 2047 1795 2103 er
1808 2047 1933 2114 nure,
1953 2050 2015 2104 ve-

628 2133 696 2230 rb,
724 2137 965 2222 Rornanorum
978 2141 1150 2231 Ducem,
1180 2145 1244 2244 qui
1269 2141 1388 2220 oculis
1411 2156 1486 2220 erat
1510 2159 1660 2243 captus,
1685 2142 1774 2221 loco
1801 2157 2015 2220 moverunt:

629 2253 789 2361 ctimque
818 2258 883 2340 Ex
897 2286 924 2337 ta
937 2283 1054 2338 tera
1070 2285 1226 2355 arus,
1250 2257 1343 2337 Dux
1373 2257 1595 2367 Campaniae,
1621 2261 1803 2362 populum
1822 2263 1860 2335 in
1879 2258 2015 2362 Papam

629 2378 820 2467 incitaret,
846 2371 1000 2456 Romani
1017 2369 1251 2485 Campaniam
1272 2375 1494 2468 invaserunt,
1525 2373 1684 2479 equue
1710 2401 1794 2456 cum
1821 2376 1899 2454 filio
1927 2376 2015 2456 He·

629 2518 659 2571 o
671 2519 696 2573 n
707 2517 724 2572 n
735 2520 758 2572 n
771 2519 801 2575 aa
815 2520 839 2574 o
855 2495 1128 2576 obtruncdrunt.
1160 2492 1261 2573 Tium
1277 2511 1394 2572 novus
1411 2493 1594 2574 Exarchus
1608 2493 1637 2572 E
1651 2515 1749 2572 uer
1764 2517 1823 2572 err
1838 2517 1892 2572 ro
1906 2515 1935 2583 s,
1952 2497 2016 2574 ubi

627 2606 812 2718 Neapolin
827 2611 1035 2714 appulillet.
1059 2612 1154 2692 mifit
1176 2611 1289 2701 clam,
1312 2614 1378 2714 qui
1389 2611 1524 2714 Papam
1541 2613 1747 2691 &Nobiles
1772 2605 2015 2691 Rornanorum

629 2731 851 2808 occiderent.
883 2729 1035 2810 Detetii
1049 2745 1169 2818 autem
1191 2726 1483 2829 conspiratione,
1506 2724 1694 2809 Romanii
1711 2723 1841 2809 Graeco
1858 2728 2016 2831 Impera·

629 2863 711 2926 tore
725 2849 869 2948 prorsus
885 2847 1072 2940 defecere,
1091 2846 1197 2950 se'que
1210 2849 1444 2947 jurejurando
1456 2847 1679 2926 obminxtm
1690 2852 1799 2926 vitam
1811 2843 1917 2950 Papae
1929 2871 2013 2949 pro·

629 2966 827 3057 tesiuros,
864 2967 1021 3046 ditiones
1058 2965 1166 3069 ipsius
1197 2968 1302 3044 armis
1336 2965 1592 3055 defensuros,
1622 2981 1730 3069 atque
1766 2969 1805 3043 in
1841 2966 2013 3046 omnibus

627 3083 736 3186 lpfius
757 3089 958 3167 auiioritati
986 3085 1310 3186 obtemperaturos.
1369 3085 1487 3182 Atque
1509 3087 1559 3162 ita
1580 3083 1699 3162 Roma
1723 3107 1809 3162 cum
1837 3085 1901 3165 suo
1931 3081 2014 3161 Du·

629 3217 736 3290 catu,
771 3207 834 3306 qui
857 3198 1027 3282 Etruriae
1054 3206 1091 3280 dr
1121 3194 1323 3308 Campaniae
1349 3213 1488 3303 partem
1512 3202 1850 3303 complectebatur,
1874 3195 2014 3281 {Gre-

629 3317 682 3396 cir
712 3319 994 3422 imperatoribus
1019 3319 1153 3398 defecit
1180 3319 1224 3396 A.
1251 3319 1292 3398 C.
1321 3335 1419 3412 726,
1446 3321 1484 3395 de
1516 3320 1629 3398 libera
1663 3318 1770 3398 erafit
1799 3319 2014 3422 Respublica

626 3435 692 3514 sub
721 3437 870 3516 Senatris
889 3432 1052 3517 'Romani
1074 3439 1261 3538 regimine.
1309 3435 1426 3536 Huius
1456 3435 1607 3516 Senatias
1628 3437 1817 3517 austoritas
1844 3442 1882 3516 in
1903 3439 2011 3517 rebus

627 3555 791 3632 civilibus
808 3555 979 3658 deinceps
1003 3560 1167 3659 supremo
1194 3555 1285 3645 suit,
1313 3553 1417 3658 Papae
1440 3556 1648 3634 austoritate
1670 3555 1839 3637 hedenus
1861 3581 1941 3635 non
1958 3554 2013 3634 ul-

141 3770 144 3776 ·
626 3673 1211 3778 mmufflfflfflmmme
1802 3688 1807 3698 '

297 3849 300 3854 ·
446 3813 587 3895 papeha,-
692 3789 748 3870 Eo
768 3805 936 3895 tempore
963 3787 1031 3900 (b)
1060 3787 1311 3898 Langobardi,
1335 3791 1443 3868 etiam
1476 3792 1515 3867 in
1540 3791 1682 3871 cultram
1706 3795 1906 3894 imaginum
1935 3815 2013 3869 am-

224 3893 227 3902 ’
334 3942 338 3950 ’
428 3913 491 3964 w
504 3901 612 3996 Ravea·
630 3907 772 3999 bitlosr,
807 3913 1171 4012 &praeseferentes
1197 3909 1301 4010 Papae
1328 3909 1433 3986 rebus
1462 3907 1611 3999 favere,
1646 3911 1801 3990 ditiories
1832 3909 2013 3991 Exarcha·

445 4001 574 4141 {23³¹ss
629 4026 956 4120 detruserunt,
1000 4053 1042 4108 ac
1067 4030 1240 4128 undem,
1281 4027 1321 4104 A.
1364 4025 1405 4107 C.
1446 4047 1541 4120 752.
1572 4025 1781 4108 Ravennam
1808 4043 2009 4130 ceperunt,

446 4147 524 4225 qued
545 4165 590 4212 00·
629 4143 917 4251 Exarehatuique
943 4149 1054 4226 finem
1084 4149 1341 4248 imposuerunt.
1383 4143 1503 4248 Atque
1530 4145 1604 4224 hoc
1626 4152 1788 4250 primum
1808 4148 1878 4228 suit
1904 4143 1926 4225 ὲ
1949 4147 2010 4224 tri-

445 4247 571 4384 ξζᾎὶὼζῖ
628 4263 694 4342 bus
717 4260 879 4364 Regnls,
903 4269 1005 4370 quod
1031 4266 1163 4346 cecidit
1183 4287 1306 4348 coram
1338 4287 1449 4366 parto
1480 4287 1607 4345 cornu.
1897 4381 1953 4464 An

444 4408 546 4461 mm
1955 4405 2007 4460 m

662 4535 706 4612 (a)
728 4533 858 4615 Sigonius
872 4536 907 4595 dr
924 4553 1010 4615 regno
1026 4539 1131 4611 irrita,
1151 4537 1189 4601 ad
1204 4551 1313 4602 annun
1328 4545 1401 4612 725.

661 4618 706 4702 (t)
726 4617 771 4690 ld
792 4616 830 4682 ad
851 4634 943 4685 mnus
966 4629 1133 4700 raram
